action,event_pk,rn,date,work_area,organization,survey,sampling_bout,site_id,source,lat,long,gather_lat,gather_long,collection_method,line_out_depth,pressure_transducer_depth,project_specific_id,hakai_id,collected,preserved,microbial_sample_type,volume,lab_technician,dna_extraction_date,dna_volume,dna_volume_te_wash,qubit_dna_concentration,stock_dna_concentration,extracting_staff,extracting_lab,p_16s_v4v5_amplified,p_16s_v4_amplified,p_18s_v4_amplified,p_coi_amplified,row_flag,quality_level,comments,quality_log
,363209,1,2018-01-03,QUADRA,HAKAI,QOMA5,3,QU39,M,50.0307000000001,-125.0992,50.03079992,-125.09968593,,0,,,QCC1865,2018-01-03T19:07:22.000Z,2018-01-03T20:59:20.000Z,Cell Count,2,brianna.knowles;isabelle.desmarais,,,,,,,,,,,,Collected,Technicianm,,1: Metadata checked by ID.
,363209,2,2018-01-03,QUADRA,HAKAI,QOMA5,3,QU39,M,50.0307000000001,-125.0992,50.03079992,-125.09968593,,0,,,QCC1866,2018-01-03T19:07:22.000Z,2018-01-03T20:59:20.000Z,Cell Count,2,brianna.knowles;isabelle.desmarais,,,,,,,,,,,,Collected,Technicianm,,1: Metadata checked by ID.
,363209,3,2018-01-03,QUADRA,HAKAI,QOMA5,3,QU39,M,50.0307000000001,-125.0992,50.03079992,-125.09968593,,0,,,QMIC2401,2018-01-03T19:07:22.000Z,2018-01-03T20:59:20.000Z,RNA,1850,brianna.knowles;isabelle.desmarais,,,,,,,,,,,,Collected,Technicianm,,1: Metadata checked by ID.
,363209,4,2018-01-03,QUADRA,HAKAI,QOMA5,3,QU39,M,50.0307000000001,-125.0992,50.03079992,-125.09968593,,0,,,QMIC2406,2018-01-03T19:07:22.000Z,2018-01-03T20:59:20.000Z,DNA,1800,brianna.knowles;isabelle.desmarais,2018-06-26,254.7,304.7,51.2,5.12,Rebecca Piercey,QUADRA MARNA LAB,,,,,Collected,Technicianm,,1: Metadata checked by ID.2: quantified 2018-06-29
,363209,1,2018-01-03,QUADRA,HAKAI,QOMA5,3,QU39,M,50.0307000000001,-125.0992,50.03079992,-125.09968593,,5,,,QCC1855,2018-01-03T19:07:22.000Z,2018-01-03T20:59:20.000Z,Cell Count,2,brianna.knowles;isabelle.desmarais,,,,,,,,,,,,Collected,Technicianm,,1: Metadata checked by ID.
,363209,2,2018-01-03,QUADRA,HAKAI,QOMA5,3,QU39,M,50.0307000000001,-125.0992,50.03079992,-125.09968593,,5,,,QCC1856,2018-01-03T19:07:22.000Z,2018-01-03T20:59:20.000Z,Cell Count,2,brianna.knowles;isabelle.desmarais,,,,,,,,,,,,Collected,Technicianm,,1: Metadata checked by ID.
,363209,3,2018-01-03,QUADRA,HAKAI,QOMA5,3,QU39,M,50.0307000000001,-125.0992,50.03079992,-125.09968593,,5,,,QMIC2402,2018-01-03T19:07:22.000Z,2018-01-03T20:59:20.000Z,RNA,2000,brianna.knowles;isabelle.desmarais,,,,,,,,,,,,Collected,Technicianm,,1: Metadata checked by ID.
,363209,4,2018-01-03,QUADRA,HAKAI,QOMA5,3,QU39,M,50.0307000000001,-125.0992,50.03079992,-125.09968593,,5,,,QMIC2407,2018-01-03T19:07:22.000Z,2018-01-03T20:59:20.000Z,DNA,2000,brianna.knowles;isabelle.desmarais,2018-06-26,334.4,376.3,41.3,4.13,Rebecca Piercey,QUADRA MARNA LAB,,,,,Collected,Technicianm,,1: Metadata checked by ID.2: quantified 2018-06-29
,363209,1,2018-01-03,QUADRA,HAKAI,QOMA5,3,QU39,M,50.0307000000001,-125.0992,50.03079992,-125.09968593,,10,,,QCC1857,2018-01-03T19:07:22.000Z,2018-01-03T20:59:20.000Z,Cell Count,2,brianna.knowles;isabelle.desmarais,,,,,,,,,,,,Collected,Technicianm,,1: Metadata checked by ID.
,363209,2,2018-01-03,QUADRA,HAKAI,QOMA5,3,QU39,M,50.0307000000001,-125.0992,50.03079992,-125.09968593,,10,,,QCC1858,2018-01-03T19:07:22.000Z,2018-01-03T20:59:20.000Z,Cell Count,2,brianna.knowles;isabelle.desmarais,,,,,,,,,,,,Collected,Technicianm,,1: Metadata checked by ID.
,363209,1,2018-01-03,QUADRA,HAKAI,QOMA5,3,QU39,M,50.0307000000001,-125.0992,50.03079992,-125.09968593,,30,29.2167854,,QCC1859,2018-01-03T19:07:22.000Z,2018-01-03T20:59:20.000Z,Cell Count,2,brianna.knowles;isabelle.desmarais,,,,,,,,,,,,Collected,Technicianm,,1: Metadata checked by ID.
,363209,2,2018-01-03,QUADRA,HAKAI,QOMA5,3,QU39,M,50.0307000000001,-125.0992,50.03079992,-125.09968593,,30,29.2167854,,QCC1860,2018-01-03T19:07:22.000Z,2018-01-03T20:59:20.000Z,Cell Count,2,brianna.knowles;isabelle.desmarais,,,,,,,,,,,,Collected,Technicianm,,1: Metadata checked by ID.
,363209,3,2018-01-03,QUADRA,HAKAI,QOMA5,3,QU39,M,50.0307000000001,-125.0992,50.03079992,-125.09968593,,30,29.2167854,,QMIC2403,2018-01-03T19:07:22.000Z,2018-01-03T20:59:20.000Z,RNA,2000,brianna.knowles;isabelle.desmarais,,,,,,,,,,,,Collected,Technicianm,,1: Metadata checked by ID.
,363209,4,2018-01-03,QUADRA,HAKAI,QOMA5,3,QU39,M,50.0307000000001,-125.0992,50.03079992,-125.09968593,,30,29.2167854,,QMIC2408,2018-01-03T19:07:22.000Z,2018-01-03T20:59:20.000Z,DNA,2000,brianna.knowles;isabelle.desmarais,2018-06-26,219.6,263.1,45.7,4.57,Rebecca Piercey,QUADRA MARNA LAB,,,,,Collected,Technicianm,,1: Metadata checked by ID.2: quantified 2018-06-29
,363209,1,2018-01-03,QUADRA,HAKAI,QOMA5,3,QU39,M,50.0307000000001,-125.0992,50.03079992,-125.09968593,,50,,,QCC1861,2018-01-03T19:07:22.000Z,2018-01-03T20:59:20.000Z,Cell Count,2,brianna.knowles;isabelle.desmarais,,,,,,,,,,,,Collected,Technicianm,,1: Metadata checked by ID.
,363209,2,2018-01-03,QUADRA,HAKAI,QOMA5,3,QU39,M,50.0307000000001,-125.0992,50.03079992,-125.09968593,,50,,,QCC1862,2018-01-03T19:07:22.000Z,2018-01-03T20:59:20.000Z,Cell Count,2,brianna.knowles;isabelle.desmarais,,,,,,,,,,,,Collected,Technicianm,,1: Metadata checked by ID.
,363209,1,2018-01-03,QUADRA,HAKAI,QOMA5,3,QU39,M,50.0307000000001,-125.0992,50.03079992,-125.09968593,,100,100.0077601,,QCC1863,2018-01-03T19:07:22.000Z,2018-01-03T20:59:20.000Z,Cell Count,2,brianna.knowles;isabelle.desmarais,,,,,,,,,,,,Collected,Technicianm,,1: Metadata checked by ID.
,363209,2,2018-01-03,QUADRA,HAKAI,QOMA5,3,QU39,M,50.0307000000001,-125.0992,50.03079992,-125.09968593,,100,100.0077601,,QCC1864,2018-01-03T19:07:22.000Z,2018-01-03T20:59:20.000Z,Cell Count,2,brianna.knowles;isabelle.desmarais,,,,,,,,,,,,Collected,Technicianm,,1: Metadata checked by ID.
,363209,3,2018-01-03,QUADRA,HAKAI,QOMA5,3,QU39,M,50.0307000000001,-125.0992,50.03079992,-125.09968593,,100,100.0077601,,QMIC2404,2018-01-03T19:07:22.000Z,2018-01-03T20:59:20.000Z,RNA,2000,brianna.knowles;isabelle.desmarais,,,,,,,,,,,,Collected,Technicianm,,1: Metadata checked by ID.
,363209,4,2018-01-03,QUADRA,HAKAI,QOMA5,3,QU39,M,50.0307000000001,-125.0992,50.03079992,-125.09968593,,100,100.0077601,,QMIC2409,2018-01-03T19:07:22.000Z,2018-01-03T20:59:20.000Z,DNA,2000,brianna.knowles;isabelle.desmarais,2018-06-26,200,250,39.5,3.95,Rebecca Piercey,QUADRA MARNA LAB,,,,,Collected,Technicianm,,1: Metadata checked by ID.2: quantified 2018-06-29
,363208,1,2018-01-03,QUADRA,HAKAI,QOMA5,2,QU39,M,50.0307000000001,-125.0992,50.03058629,-125.09983523,,260,,,QCC1853,2018-01-03T18:42:49.000Z,2018-01-03T20:59:15.000Z,Cell Count,2,brianna.knowles;isabelle.desmarais,,,,,,,,,,,,Collected,Technicianm,,1: Metadata checked by ID.
,363208,2,2018-01-03,QUADRA,HAKAI,QOMA5,2,QU39,M,50.0307000000001,-125.0992,50.03058629,-125.09983523,,260,,,QCC1854,2018-01-03T18:42:49.000Z,2018-01-03T20:59:15.000Z,Cell Count,2,brianna.knowles;isabelle.desmarais,,,,,,,,,,,,Collected,Technicianm,,1: Metadata checked by ID.
,363208,3,2018-01-03,QUADRA,HAKAI,QOMA5,2,QU39,M,50.0307000000001,-125.0992,50.03058629,-125.09983523,,260,,,QMIC2405,2018-01-03T18:42:49.000Z,2018-01-03T20:59:15.000Z,RNA,2000,brianna.knowles;isabelle.desmarais,,,,,,,,,,,,Collected,Technicianm,,1: Metadata checked by ID.
,363208,4,2018-01-03,QUADRA,HAKAI,QOMA5,2,QU39,M,50.0307000000001,-125.0992,50.03058629,-125.09983523,,260,,,QMIC2410,2018-01-03T18:42:49.000Z,2018-01-03T20:59:15.000Z,DNA,2000,brianna.knowles;isabelle.desmarais,2018-06-26,172.4,222.4,41.7,4.17,Rebecca Piercey,QUADRA MARNA LAB,,,,,Collected,Technicianm,,1: Metadata checked by ID.2: quantified 2018-06-29
,364785,1,2018-01-09,QUADRA,HAKAI,QOMA4,3,QU39,M,50.0307000000001,-125.0992,50.02996944,-125.09840185,,0,,,QCC1881,2018-01-09T19:26:32.000Z,2018-01-09T20:41:25.000Z,Cell Count,2,brianna.knowles,,,,,,,,,,,,Collected,Technicianm,,1: Metadatachecked by RP.
,364785,2,2018-01-09,QUADRA,HAKAI,QOMA4,3,QU39,M,50.0307000000001,-125.0992,50.02996944,-125.09840185,,0,,,QCC1882,2018-01-09T19:26:32.000Z,2018-01-09T20:41:25.000Z,Cell Count,2,brianna.knowles,,,,,,,,,,,,Collected,Technicianm,,1: Metadatachecked by RP.
,364785,3,2018-01-09,QUADRA,HAKAI,QOMA4,3,QU39,M,50.0307000000001,-125.0992,50.02996944,-125.09840185,,0,,,QMIC2411,2018-01-09T19:26:32.000Z,2018-01-09T20:41:25.000Z,RNA,2000,brianna.knowles,,,,,,,,,,,,Collected,Technicianm,,1: Metadata checked by ID.
,364785,4,2018-01-09,QUADRA,HAKAI,QOMA4,3,QU39,M,50.0307000000001,-125.0992,50.02996944,-125.09840185,,0,,,QMIC2416,2018-01-09T19:26:32.000Z,2018-01-09T20:41:25.000Z,DNA,2000,brianna.knowles,2018-05-09,223,273,60.6,6.06,Rebecca Piercey,QUADRA MARNA LAB,,,,,Collected,Technicianm,,1: Metadata checked by ID.
,364785,1,2018-01-09,QUADRA,HAKAI,QOMA4,3,QU39,M,50.0307000000001,-125.0992,50.02996944,-125.09840185,,5,4.0984808,,QCC1883,2018-01-09T19:26:32.000Z,2018-01-09T20:41:25.000Z,Cell Count,2,brianna.knowles,,,,,,,,,,,,Collected,Technicianm,,1: Metadata checked by ID.
,364785,2,2018-01-09,QUADRA,HAKAI,QOMA4,3,QU39,M,50.0307000000001,-125.0992,50.02996944,-125.09840185,,5,4.0984808,,QCC1884,2018-01-09T19:26:32.000Z,2018-01-09T20:41:25.000Z,Cell Count,2,brianna.knowles,,,,,,,,,,,,Collected,Technicianm,,1: Metadata checked by ID.
,364785,3,2018-01-09,QUADRA,HAKAI,QOMA4,3,QU39,M,50.0307000000001,-125.0992,50.02996944,-125.09840185,,5,4.0984808,,QMIC2412,2018-01-09T19:26:32.000Z,2018-01-09T20:41:25.000Z,RNA,2000,brianna.knowles,,,,,,,,,,,,Collected,Technicianm,,1: Metadata checked by ID.
,364785,4,2018-01-09,QUADRA,HAKAI,QOMA4,3,QU39,M,50.0307000000001,-125.0992,50.02996944,-125.09840185,,5,4.0984808,,QMIC2417,2018-01-09T19:26:32.000Z,2018-01-09T20:41:25.000Z,DNA,2000,brianna.knowles,2018-05-09,208.7,246.6,71.7,7.17,Rebecca Piercey,QUADRA MARNA LAB,,,,,Collected,Technicianm,,1: Metadata checked by ID.
,364785,1,2018-01-09,QUADRA,HAKAI,QOMA4,3,QU39,M,50.0307000000001,-125.0992,50.02996944,-125.09840185,,10,8.5095604,,QCC1885,2018-01-09T19:26:32.000Z,2018-01-09T20:41:25.000Z,Cell Count,2,brianna.knowles,,,,,,,,,,,,Collected,Technicianm,,1: Metadata checked by ID.
,364785,2,2018-01-09,QUADRA,HAKAI,QOMA4,3,QU39,M,50.0307000000001,-125.0992,50.02996944,-125.09840185,,10,8.5095604,,QCC1886,2018-01-09T19:26:32.000Z,2018-01-09T20:41:25.000Z,Cell Count,2,brianna.knowles,,,,,,,,,,,,Collected,Technicianm,,1: Metadata checked by ID.
,364785,1,2018-01-09,QUADRA,HAKAI,QOMA4,3,QU39,M,50.0307000000001,-125.0992,50.02996944,-125.09840185,,30,,,QCC1887,2018-01-09T19:26:32.000Z,2018-01-09T20:41:25.000Z,Cell Count,2,brianna.knowles,,,,,,,,,,,,Collected,Technicianm,,1: Metadata checked by ID.
,364785,2,2018-01-09,QUADRA,HAKAI,QOMA4,3,QU39,M,50.0307000000001,-125.0992,50.02996944,-125.09840185,,30,,,QCC1888,2018-01-09T19:26:32.000Z,2018-01-09T20:41:25.000Z,Cell Count,2,brianna.knowles,,,,,,,,,,,,Collected,Technicianm,,1: Metadata checked by ID.
,364785,3,2018-01-09,QUADRA,HAKAI,QOMA4,3,QU39,M,50.0307000000001,-125.0992,50.02996944,-125.09840185,,30,,,QMIC2413,2018-01-09T19:26:32.000Z,2018-01-09T20:41:25.000Z,RNA,2000,brianna.knowles,,,,,,,,,,,,Collected,Technicianm,,1: Filtering tube not rinsed with sample watr prior to sample collection.2: Metadata checked by ID.
,364785,4,2018-01-09,QUADRA,HAKAI,QOMA4,3,QU39,M,50.0307000000001,-125.0992,50.02996944,-125.09840185,,30,,,QMIC2418,2018-01-09T19:26:32.000Z,2018-01-09T20:41:25.000Z,DNA,2000,brianna.knowles,2018-05-09,209.7,248.7,63.2,6.32,Rebecca Piercey,QUADRA MARNA LAB,,,,,Collected,Technicianm,,1: Metadata checked by ID.
,364785,1,2018-01-09,QUADRA,HAKAI,QOMA4,3,QU39,M,50.0307000000001,-125.0992,50.02996944,-125.09840185,,50,53.6769725,,QCC1889,2018-01-09T19:26:32.000Z,2018-01-09T20:41:25.000Z,Cell Count,2,brianna.knowles,,,,,,,,,,,,Collected,Technicianm,,1: Metadata checked by ID.
,364785,2,2018-01-09,QUADRA,HAKAI,QOMA4,3,QU39,M,50.0307000000001,-125.0992,50.02996944,-125.09840185,,50,53.6769725,,QCC1890,2018-01-09T19:26:32.000Z,2018-01-09T20:41:25.000Z,Cell Count,2,brianna.knowles,,,,,,,,,,,,Collected,Technicianm,,1: Metadata checked by ID.
,364787,1,2018-01-09,QUADRA,HAKAI,QOMA4,4,QU39,M,50.0307000000001,-125.0992,50.0297672,-125.09931074,,100,,,QCC1891,2018-01-09T19:26:32.000Z,2018-01-09T20:41:25.000Z,Cell Count,2,brianna.knowles,,,,,,,,,,,,Collected,Technicianm,,1: Changed sampling bout from 3 to 4 based on field notes2: extra drop as we ran out of water. pp not collected. no pipette.3: Metadata checked by ID.
,364787,2,2018-01-09,QUADRA,HAKAI,QOMA4,4,QU39,M,50.0307000000001,-125.0992,50.0297672,-125.09931074,,100,,,QCC1892,2018-01-09T19:26:32.000Z,2018-01-09T20:41:25.000Z,Cell Count,2,brianna.knowles,,,,,,,,,,,,Collected,Technicianm,,1: Changed sampling bout from 3 to 4 based on field notes2: extra drop as we ran out of water. pp not collected. no pipette.3: Metadata checked by ID.
,364785,1,2018-01-09,QUADRA,HAKAI,QOMA4,3,QU39,M,50.0307000000001,-125.0992,50.02996944,-125.09840185,,100,104.4668845,,QMIC2414,2018-01-09T19:26:32.000Z,2018-01-09T20:41:25.000Z,RNA,2000,brianna.knowles,,,,,,,,,,,,Collected,Technicianm,,1: Metadata checked by ID.
,364787,3,2018-01-09,QUADRA,HAKAI,QOMA4,4,QU39,M,50.0307000000001,-125.0992,50.0297672,-125.09931074,,100,,,QMIC2419,2018-01-09T20:14:22.000Z,2018-01-09T20:35:56.000Z,DNA,2000,brianna.knowles,2018-05-09,210.1,246.6,58.9,5.89,Rebecca Piercey,QUADRA MARNA LAB,,,,,Collected,Technicianm,,1: extra drop as we ran out of water. pp not collected. no pipette.2: extra drop as we ran out of water. pp not collected. no pipette.. Collected on a separate drop3: Metadata checked by ID.
,364072,1,2018-01-09,QUADRA,HAKAI,QOMA4,2,QU39,M,50.0307000000001,-125.0992,50.03093227,-125.09862208,,260,254.8579142,,QCC1893,2018-01-09T18:44:21.000Z,2018-01-09T20:36:32.000Z,Cell Count,2,brianna.knowles,,,,,,,,,,,,Collected,Technicianm,,1: Metadata checked by ID.
,364072,2,2018-01-09,QUADRA,HAKAI,QOMA4,2,QU39,M,50.0307000000001,-125.0992,50.03093227,-125.09862208,,260,254.8579142,,QCC1894,2018-01-09T18:44:21.000Z,2018-01-09T20:36:32.000Z,Cell Count,2,brianna.knowles,,,,,,,,,,,,Collected,Technicianm,,1: Metadata checked by ID.
,364072,3,2018-01-09,QUADRA,HAKAI,QOMA4,2,QU39,M,50.0307000000001,-125.0992,50.03093227,-125.09862208,,260,254.8579142,,QMIC2415,2018-01-09T18:44:21.000Z,2018-01-09T20:36:32.000Z,RNA,2000,brianna.knowles,,,,,,,,,,,,Collected,Technicianm,,1: Metadata checked by ID.
,364072,4,2018-01-09,QUADRA,HAKAI,QOMA4,2,QU39,M,50.0307000000001,-125.0992,50.03093227,-125.09862208,,260,254.8579142,,QMIC2420,2018-01-09T18:44:21.000Z,2018-01-09T20:36:32.000Z,DNA,2000,brianna.knowles,2018-05-09,259.4,299.1,35.9,3.59,Rebecca Piercey,QUADRA MARNA LAB,,,,,Collected,Technicianm,,1: Metadata checked by ID.
,365745,1,2018-01-22,QUADRA,HAKAI,QOMA1,3,QU39,M,50.0307000000001,-125.0992,50.03019548,-125.1003375,,0,,,QCC1867,2018-01-22T18:29:51.000Z,2018-01-22T21:01:47.000Z,Cell Count,2,rachel.walker,,,,,,,,,,,,Collected,Technicianm,,1: Metadata checked by ID.
,365745,2,2018-01-22,QUADRA,HAKAI,QOMA1,3,QU39,M,50.0307000000001,-125.0992,50.03019548,-125.1003375,,0,,,QCC1868,2018-01-22T18:29:51.000Z,2018-01-22T21:01:47.000Z,Cell Count,2,rachel.walker,,,,,,,,,,,,Collected,Technicianm,,1: Metadata checked by ID.
,365745,3,2018-01-22,QUADRA,HAKAI,QOMA1,3,QU39,M,50.0307000000001,-125.0992,50.03019548,-125.1003375,,0,,,QMIC2421,2018-01-22T18:29:51.000Z,2018-01-22T21:01:47.000Z,RNA,2000,rachel.walker,,,,,,,,,,,,Collected,Technicianm,,1: Metadata checked by ID.
,365745,4,2018-01-22,QUADRA,HAKAI,QOMA1,3,QU39,M,50.0307000000001,-125.0992,50.03019548,-125.1003375,,0,,,QMIC2426,2018-01-22T18:29:51.000Z,2018-01-22T21:01:47.000Z,DNA,2000,rachel.walker,2018-06-27,216.2,266.2,85.3,8.53,Rebecca Piercey,QUADRA MARNA LAB,,,,,Collected,Technicianm,,1: Metadata checked by ID.2: quantified 2018-06-29
,365745,1,2018-01-22,QUADRA,HAKAI,QOMA1,3,QU39,M,50.0307000000001,-125.0992,50.03019548,-125.1003375,,5,4.3721121,,QCC1869,2018-01-22T18:29:51.000Z,2018-01-22T21:01:47.000Z,Cell Count,2,rachel.walker,,,,,,,,,,,,Collected,Technicianm,,1: Metadata checked by ID.
,365745,2,2018-01-22,QUADRA,HAKAI,QOMA1,3,QU39,M,50.0307000000001,-125.0992,50.03019548,-125.1003375,,5,4.3721121,,QCC1870,2018-01-22T18:29:51.000Z,2018-01-22T21:01:47.000Z,Cell Count,2,rachel.walker,,,,,,,,,,,,Collected,Technicianm,,1: Metadata checked by ID.
,365745,3,2018-01-22,QUADRA,HAKAI,QOMA1,3,QU39,M,50.0307000000001,-125.0992,50.03019548,-125.1003375,,5,4.3721121,,QMIC2422,2018-01-22T18:29:51.000Z,2018-01-22T21:01:47.000Z,RNA,2000,rachel.walker,,,,,,,,,,,,Collected,Technicianm,,1: Metadata checked by ID.
,365745,4,2018-01-22,QUADRA,HAKAI,QOMA1,3,QU39,M,50.0307000000001,-125.0992,50.03019548,-125.1003375,,5,4.3721121,,QMIC2427,2018-01-22T18:29:51.000Z,2018-01-22T21:01:47.000Z,DNA,2000,rachel.walker,2018-05-09,245.2,295.2,62,6.2,Rebecca Piercey,QUADRA MARNA LAB,,,,,Collected,Technicianm,,1: Metadata checked by ID.
,365745,1,2018-01-22,QUADRA,HAKAI,QOMA1,3,QU39,M,50.0307000000001,-125.0992,50.03019548,-125.1003375,,10,9.2439443,,QCC1871,2018-01-22T18:29:51.000Z,2018-01-22T21:01:47.000Z,Cell Count,2,rachel.walker,,,,,,,,,,,,Collected,Technicianm,,1: Metadata checked by ID.
,365745,2,2018-01-22,QUADRA,HAKAI,QOMA1,3,QU39,M,50.0307000000001,-125.0992,50.03019548,-125.1003375,,10,9.2439443,,QCC1872,2018-01-22T18:29:51.000Z,2018-01-22T21:01:47.000Z,Cell Count,2,rachel.walker,,,,,,,,,,,,Collected,Technicianm,,1: Metadata checked by ID.
,365745,1,2018-01-22,QUADRA,HAKAI,QOMA1,3,QU39,M,50.0307000000001,-125.0992,50.03019548,-125.1003375,,30,28.4861213,,QCC1873,2018-01-22T18:29:51.000Z,2018-01-22T21:01:47.000Z,Cell Count,2,rachel.walker,,,,,,,,,,,,Collected,Technicianm,,1: Metadata checked by ID.
,365745,2,2018-01-22,QUADRA,HAKAI,QOMA1,3,QU39,M,50.0307000000001,-125.0992,50.03019548,-125.1003375,,30,28.4861213,,QCC1874,2018-01-22T18:29:51.000Z,2018-01-22T21:01:47.000Z,Cell Count,2,rachel.walker,,,,,,,,,,,,Collected,Technicianm,,1: Metadata checked by ID.
,365745,3,2018-01-22,QUADRA,HAKAI,QOMA1,3,QU39,M,50.0307000000001,-125.0992,50.03019548,-125.1003375,,30,28.4861213,,QMIC2423,2018-01-22T18:29:51.000Z,2018-01-22T21:01:47.000Z,RNA,2000,rachel.walker,,,,,,,,,,,,Collected,Technicianm,,1: Metadata checked by ID.
,365745,4,2018-01-22,QUADRA,HAKAI,QOMA1,3,QU39,M,50.0307000000001,-125.0992,50.03019548,-125.1003375,,30,28.4861213,,QMIC2428,2018-01-22T18:29:51.000Z,2018-01-22T21:01:47.000Z,DNA,2000,rachel.walker,2018-06-27,200,241.9,75.5,7.55,Rebecca Piercey,QUADRA MARNA LAB,,,,,Collected,Technicianm,,1: Metadata checked by ID.2: quantified 2018-06-29
,365745,1,2018-01-22,QUADRA,HAKAI,QOMA1,3,QU39,M,50.0307000000001,-125.0992,50.03019548,-125.1003375,,50,48.2957705,,QCC1875,2018-01-22T18:29:51.000Z,2018-01-22T21:01:47.000Z,Cell Count,2,rachel.walker,,,,,,,,,,,,Collected,Technicianm,,1: Metadata checked by ID.
,365745,2,2018-01-22,QUADRA,HAKAI,QOMA1,3,QU39,M,50.0307000000001,-125.0992,50.03019548,-125.1003375,,50,48.2957705,,QCC1876,2018-01-22T18:29:51.000Z,2018-01-22T21:01:47.000Z,Cell Count,2,rachel.walker,,,,,,,,,,,,Collected,Technicianm,,1: Metadata checked by ID.
,365745,1,2018-01-22,QUADRA,HAKAI,QOMA1,3,QU39,M,50.0307000000001,-125.0992,50.03019548,-125.1003375,,100,99.4665819,,QCC1877,2018-01-22T18:29:51.000Z,2018-01-22T21:01:47.000Z,Cell Count,2,rachel.walker,,,,,,,,,,,,Collected,Technicianm,,1: Metadata checked by ID.
,365745,2,2018-01-22,QUADRA,HAKAI,QOMA1,3,QU39,M,50.0307000000001,-125.0992,50.03019548,-125.1003375,,100,99.4665819,,QCC1878,2018-01-22T18:29:51.000Z,2018-01-22T21:01:47.000Z,Cell Count,2,rachel.walker,,,,,,,,,,,,Collected,Technicianm,,1: Metadata checked by ID. Sample manually added.
,365745,3,2018-01-22,QUADRA,HAKAI,QOMA1,3,QU39,M,50.0307000000001,-125.0992,50.03019548,-125.1003375,,100,99.4665819,,QMIC2424,2018-01-22T18:29:51.000Z,2018-01-22T21:01:47.000Z,RNA,2000,rachel.walker,,,,,,,,,,,,Collected,Technicianm,,1: Metadata checked by ID.
,365745,4,2018-01-22,QUADRA,HAKAI,QOMA1,3,QU39,M,50.0307000000001,-125.0992,50.03019548,-125.1003375,,100,99.4665819,,QMIC2429,2018-01-22T18:29:51.000Z,2018-01-22T21:01:47.000Z,DNA,2000,rachel.walker,2018-06-27,200,250,57.7,5.77,Rebecca Piercey,QUADRA MARNA LAB,,,,,Collected,Technicianm,,1: Metadata checked by ID.2: quantified 2018-06-29
,365744,1,2018-01-22,QUADRA,HAKAI,QOMA1,2,QU39,M,50.0307000000001,-125.0992,50.03103304,-125.10092386,,260,256.9826812,,QCC1879,2018-01-22T17:54:43.000Z,2018-01-22T20:26:40.000Z,Cell Count,2,rachel.walker,,,,,,,,,,,,Collected,Technicianm,,1: Metadata checked by ID.
,365744,2,2018-01-22,QUADRA,HAKAI,QOMA1,2,QU39,M,50.0307000000001,-125.0992,50.03103304,-125.10092386,,260,256.9826812,,QCC1880,2018-01-22T17:54:43.000Z,2018-01-22T20:26:40.000Z,Cell Count,2,rachel.walker,,,,,,,,,,,,Collected,Technicianm,,1: Metadata checked by ID.
,365744,3,2018-01-22,QUADRA,HAKAI,QOMA1,2,QU39,M,50.0307000000001,-125.0992,50.03103304,-125.10092386,,260,256.9826812,,QMIC2425,2018-01-22T17:54:43.000Z,2018-01-22T20:26:40.000Z,RNA,2000,rachel.walker,,,,,,,,,,,,Collected,Technicianm,,1: Metadata checked by ID.
,365744,4,2018-01-22,QUADRA,HAKAI,QOMA1,2,QU39,M,50.0307000000001,-125.0992,50.03103304,-125.10092386,,260,256.9826812,,QMIC2430,2018-01-22T17:54:43.000Z,2018-01-22T20:26:40.000Z,DNA,2000,rachel.walker,2018-06-26,178.8,222.1,51.4,5.14,Rebecca Piercey,QUADRA MARNA LAB,,,,,Collected,Technicianm,,1: Metadata checked by ID.2: quantified 2018-06-29
,367267,1,2018-01-31,QUADRA,HAKAI,QOMA5,3,QU39,M,50.0307000000001,-125.0992,50.03010921,-125.09768908,,0,,,QCC1839,2018-01-31T18:00:19.000Z,2018-01-31T18:21:57.000Z,Cell Count,2,brianna.knowles;isabelle.desmarais,,,,,,,,,,,,Collected,Technicianm,,1: Metadata checked by ID.
,367267,2,2018-01-31,QUADRA,HAKAI,QOMA5,3,QU39,M,50.0307000000001,-125.0992,50.03010921,-125.09768908,,0,,,QCC1840,2018-01-31T18:00:19.000Z,2018-01-31T18:21:57.000Z,Cell Count,2,brianna.knowles;isabelle.desmarais,,,,,,,,,,,,Collected,Technicianm,,1: Metadata checked by ID.
,367267,3,2018-01-31,QUADRA,HAKAI,QOMA5,3,QU39,M,50.0307000000001,-125.0992,50.03010921,-125.09768908,,0,,,QMIC2431,2018-01-31T18:00:19.000Z,2018-01-31T18:21:57.000Z,RNA,2000,brianna.knowles;isabelle.desmarais,,,,,,,,,,,,Collected,Technicianm,,1: Metadata checked by ID.
,367267,4,2018-01-31,QUADRA,HAKAI,QOMA5,3,QU39,M,50.0307000000001,-125.0992,50.03010921,-125.09768908,,0,,,QMIC2436,2018-01-31T18:00:19.000Z,2018-01-31T18:21:57.000Z,DNA,2000,brianna.knowles;isabelle.desmarais,2018-06-28,165.2,215.2,86.9,8.69,Rebecca Piercey,QUADRA MARNA LAB,,,,,Collected,Technicianm,,1: Metadata checked by ID.2: quantified 2018-06-29
,367267,1,2018-01-31,QUADRA,HAKAI,QOMA5,3,QU39,M,50.0307000000001,-125.0992,50.03010921,-125.09768908,,5,4.2411496,,QCC1841,2018-01-31T18:00:19.000Z,2018-01-31T18:21:57.000Z,Cell Count,2,brianna.knowles;isabelle.desmarais,,,,,,,,,,,,Collected,Technicianm,,1: Metadata checked by ID.
,367267,2,2018-01-31,QUADRA,HAKAI,QOMA5,3,QU39,M,50.0307000000001,-125.0992,50.03010921,-125.09768908,,5,4.2411496,,QCC1842,2018-01-31T18:00:19.000Z,2018-01-31T18:21:57.000Z,Cell Count,2,brianna.knowles;isabelle.desmarais,,,,,,,,,,,,Collected,Technicianm,,1: Metadata checked by ID.
,367267,3,2018-01-31,QUADRA,HAKAI,QOMA5,3,QU39,M,50.0307000000001,-125.0992,50.03010921,-125.09768908,,5,4.2411496,,QMIC2432,2018-01-31T18:00:19.000Z,2018-01-31T18:21:57.000Z,RNA,2000,brianna.knowles;isabelle.desmarais,,,,,,,,,,,,Collected,Technicianm,,1: Metadata checked by ID.
,367267,4,2018-01-31,QUADRA,HAKAI,QOMA5,3,QU39,M,50.0307000000001,-125.0992,50.03010921,-125.09768908,,5,4.2411496,,QMIC2437,2018-01-31T18:00:19.000Z,2018-01-31T18:21:57.000Z,DNA,1925,brianna.knowles;isabelle.desmarais,2018-06-28,183,233,86,8.6,Rebecca Piercey,QUADRA MARNA LAB,,,,,Collected,Technicianm,,1: Metadata checked by ID.2: quantified 2018-06-29
,367267,1,2018-01-31,QUADRA,HAKAI,QOMA5,3,QU39,M,50.0307000000001,-125.0992,50.03010921,-125.09768908,,10,,,QCC1843,2018-01-31T18:00:19.000Z,2018-01-31T18:21:57.000Z,Cell Count,2,brianna.knowles;isabelle.desmarais,,,,,,,,,,,,Collected,Technicianm,,1: Metadata checked by ID.
,367267,2,2018-01-31,QUADRA,HAKAI,QOMA5,3,QU39,M,50.0307000000001,-125.0992,50.03010921,-125.09768908,,10,,,QCC1844,2018-01-31T18:00:19.000Z,2018-01-31T18:21:57.000Z,Cell Count,2,brianna.knowles;isabelle.desmarais,,,,,,,,,,,,Collected,Technicianm,,1: Metadata checked by ID.
,367267,1,2018-01-31,QUADRA,HAKAI,QOMA5,3,QU39,M,50.0307000000001,-125.0992,50.03010921,-125.09768908,,30,28.2411435,,QCC1845,2018-01-31T18:00:19.000Z,2018-01-31T18:21:57.000Z,Cell Count,2,brianna.knowles;isabelle.desmarais,,,,,,,,,,,,Collected,Technicianm,,1: Metadata checked by ID.
,367267,2,2018-01-31,QUADRA,HAKAI,QOMA5,3,QU39,M,50.0307000000001,-125.0992,50.03010921,-125.09768908,,30,28.2411435,,QCC1846,2018-01-31T18:00:19.000Z,2018-01-31T18:21:57.000Z,Cell Count,2,brianna.knowles;isabelle.desmarais,,,,,,,,,,,,Collected,Technicianm,,1: Metadata checked by ID.
,367267,3,2018-01-31,QUADRA,HAKAI,QOMA5,3,QU39,M,50.0307000000001,-125.0992,50.03010921,-125.09768908,,30,28.2411435,,QMIC2433,2018-01-31T18:00:19.000Z,2018-01-31T18:21:57.000Z,RNA,2000,brianna.knowles;isabelle.desmarais,,,,,,,,,,,,Collected,Technicianm,,1: Metadata checked by ID.
,367267,4,2018-01-31,QUADRA,HAKAI,QOMA5,3,QU39,M,50.0307000000001,-125.0992,50.03010921,-125.09768908,,30,28.2411435,,QMIC2438,2018-01-31T18:00:19.000Z,2018-01-31T18:21:57.000Z,DNA,2000,brianna.knowles;isabelle.desmarais,2018-06-28,165.3,215.3,81.2,8.12,Rebecca Piercey,QUADRA MARNA LAB,,,,,Collected,Technicianm,,1: Metadata checked by ID.2: quantified 2018-06-29
,367267,1,2018-01-31,QUADRA,HAKAI,QOMA5,3,QU39,M,50.0307000000001,-125.0992,50.03010921,-125.09768908,,50,,,QCC1847,2018-01-31T18:00:19.000Z,2018-01-31T18:21:57.000Z,Cell Count,2,brianna.knowles;isabelle.desmarais,,,,,,,,,,,,Collected,Technicianm,,1: Metadata checked by ID.
,367267,2,2018-01-31,QUADRA,HAKAI,QOMA5,3,QU39,M,50.0307000000001,-125.0992,50.03010921,-125.09768908,,50,,,QCC1848,2018-01-31T18:00:19.000Z,2018-01-31T18:21:57.000Z,Cell Count,2,brianna.knowles;isabelle.desmarais,,,,,,,,,,,,Collected,Technicianm,,1: Metadata checked by ID.
,367267,1,2018-01-31,QUADRA,HAKAI,QOMA5,3,QU39,M,50.0307000000001,-125.0992,50.03010921,-125.09768908,,100,95.8244001,,QCC1849,2018-01-31T18:00:19.000Z,2018-01-31T18:21:57.000Z,Cell Count,2,brianna.knowles;isabelle.desmarais,,,,,,,,,,,,Collected,Technicianm,,1: Metadata checked by ID.
,367267,2,2018-01-31,QUADRA,HAKAI,QOMA5,3,QU39,M,50.0307000000001,-125.0992,50.03010921,-125.09768908,,100,95.8244001,,QCC1850,2018-01-31T18:00:19.000Z,2018-01-31T18:21:57.000Z,Cell Count,2,brianna.knowles;isabelle.desmarais,,,,,,,,,,,,Collected,Technicianm,,1: Metadata checked by ID.
,367267,3,2018-01-31,QUADRA,HAKAI,QOMA5,3,QU39,M,50.0307000000001,-125.0992,50.03010921,-125.09768908,,100,95.8244001,,QMIC2434,2018-01-31T18:00:19.000Z,2018-01-31T18:21:57.000Z,RNA,1900,brianna.knowles;isabelle.desmarais,,,,,,,,,,,,Collected,Technicianm,,1: Metadata checked by ID.
,367267,4,2018-01-31,QUADRA,HAKAI,QOMA5,3,QU39,M,50.0307000000001,-125.0992,50.03010921,-125.09768908,,100,95.8244001,,QMIC2439,2018-01-31T18:00:19.000Z,2018-01-31T18:21:57.000Z,DNA,2000,brianna.knowles;isabelle.desmarais,2018-06-28,171.6,221.6,51.2,5.12,Rebecca Piercey,QUADRA MARNA LAB,,,,,Collected,Technicianm,,1: Metadata checked by ID.2: quantified 2018-06-29
,367266,1,2018-01-31,QUADRA,HAKAI,QOMA5,2,QU39,M,50.0307000000001,-125.0992,50.03100797,-125.0982037,,260,255.8852299,,QCC1851,2018-01-31T17:18:09.000Z,2018-01-31T18:54:38.000Z,Cell Count,2,brianna.knowles;isabelle.desmarais,,,,,,,,,,,,Collected,Technicianm,,1: Metadata checked by ID.
,367266,2,2018-01-31,QUADRA,HAKAI,QOMA5,2,QU39,M,50.0307000000001,-125.0992,50.03100797,-125.0982037,,260,255.8852299,,QCC1852,2018-01-31T17:18:09.000Z,2018-01-31T18:54:38.000Z,Cell Count,2,brianna.knowles;isabelle.desmarais,,,,,,,,,,,,Collected,Technicianm,,1: Metadata checked by ID.
,367266,3,2018-01-31,QUADRA,HAKAI,QOMA5,2,QU39,M,50.0307000000001,-125.0992,50.03100797,-125.0982037,,260,255.8852299,,QMIC2435,2018-01-31T17:18:09.000Z,2018-01-31T18:54:38.000Z,RNA,2000,brianna.knowles;isabelle.desmarais,,,,,,,,,,,,Collected,Technicianm,,1: Metadata checked by ID.
,367266,4,2018-01-31,QUADRA,HAKAI,QOMA5,2,QU39,M,50.0307000000001,-125.0992,50.03100797,-125.0982037,,260,255.8852299,,QMIC2440,2018-01-31T17:18:09.000Z,2018-01-31T18:54:38.000Z,DNA,2000,brianna.knowles;isabelle.desmarais,2018-06-28,179.8,224.6,47.7,4.77,Rebecca Piercey,QUADRA MARNA LAB,,,,,Collected,Technicianm,,1: Metadata checked by ID.2: quantified 2018-06-29
,367361,1,2018-02-06,QUADRA,HAKAI,QOMA4,3,QU39,M,50.0307000000001,-125.0992,50.02984423,-125.09842599,,0,,,QCC1909,2018-02-06T18:21:49.000Z,2018-02-06T19:00:31.000Z,Cell Count,2,rachel.walker;isabelle.desmarais,,,,,,,,,,,,Collected,Technicianm,,1: Metadata checked by ID.
,367361,2,2018-02-06,QUADRA,HAKAI,QOMA4,3,QU39,M,50.0307000000001,-125.0992,50.02984423,-125.09842599,,0,,,QCC1910,2018-02-06T18:21:49.000Z,2018-02-06T19:00:31.000Z,Cell Count,2,rachel.walker;isabelle.desmarais,,,,,,,,,,,,Collected,Technicianm,,1: Metadata checked by ID.
,367361,3,2018-02-06,QUADRA,HAKAI,QOMA4,3,QU39,M,50.0307000000001,-125.0992,50.02984423,-125.09842599,,0,,,QMIC2441,2018-02-06T18:21:49.000Z,2018-02-06T19:00:31.000Z,RNA,2000,rachel.walker;isabelle.desmarais,,,,,,,,,,,,Collected,Technicianm,,1: Metadata checked by ID.
,367361,4,2018-02-06,QUADRA,HAKAI,QOMA4,3,QU39,M,50.0307000000001,-125.0992,50.02984423,-125.09842599,,0,,,QMIC2446,2018-02-06T18:21:49.000Z,2018-02-06T19:00:31.000Z,DNA,2000,rachel.walker;isabelle.desmarais,2018-06-28,191.6,236.1,124,12.4,Rebecca Piercey,QUADRA MARNA LAB,,,,,Collected,Technicianm,,1: Metadata checked by ID.2: quantified 2018-06-29
,367361,1,2018-02-06,QUADRA,HAKAI,QOMA4,3,QU39,M,50.0307000000001,-125.0992,50.02984423,-125.09842599,,5,5.2940733,,QCC1911,2018-02-06T18:21:49.000Z,2018-02-06T19:00:31.000Z,Cell Count,2,rachel.walker;isabelle.desmarais,,,,,,,,,,,,Collected,Technicianm,,1: Metadata checked by ID.
,367361,2,2018-02-06,QUADRA,HAKAI,QOMA4,3,QU39,M,50.0307000000001,-125.0992,50.02984423,-125.09842599,,5,5.2940733,,QCC1912,2018-02-06T18:21:49.000Z,2018-02-06T19:00:31.000Z,Cell Count,2,rachel.walker;isabelle.desmarais,,,,,,,,,,,,Collected,Technicianm,,1: Metadata checked by ID.
,367361,3,2018-02-06,QUADRA,HAKAI,QOMA4,3,QU39,M,50.0307000000001,-125.0992,50.02984423,-125.09842599,,5,5.2940733,,QMIC2442,2018-02-06T18:21:49.000Z,2018-02-06T19:00:31.000Z,RNA,2000,rachel.walker;isabelle.desmarais,,,,,,,,,,,,Collected,Technicianm,,1: Metadata checked by ID.
,367361,4,2018-02-06,QUADRA,HAKAI,QOMA4,3,QU39,M,50.0307000000001,-125.0992,50.02984423,-125.09842599,,5,5.2940733,,QMIC2447,2018-02-06T18:21:49.000Z,2018-02-06T19:00:31.000Z,DNA,2000,rachel.walker;isabelle.desmarais,2018-06-28,168,218,80.5,8.05,Rebecca Piercey,QUADRA MARNA LAB,,,,,Collected,Technicianm,,1: Metadata checked by ID.2: quantified 2018-06-29
,367361,1,2018-02-06,QUADRA,HAKAI,QOMA4,3,QU39,M,50.0307000000001,-125.0992,50.02984423,-125.09842599,,10,8.9732879,,QCC1913,2018-02-06T18:21:49.000Z,2018-02-06T19:00:31.000Z,Cell Count,2,rachel.walker;isabelle.desmarais,,,,,,,,,,,,Collected,Technicianm,,1: Metadata checked by ID.
,367361,2,2018-02-06,QUADRA,HAKAI,QOMA4,3,QU39,M,50.0307000000001,-125.0992,50.02984423,-125.09842599,,10,8.9732879,,QCC1914,2018-02-06T18:21:49.000Z,2018-02-06T19:00:31.000Z,Cell Count,2,rachel.walker;isabelle.desmarais,,,,,,,,,,,,Collected,Technicianm,,1: Metadata checked by ID.
,367361,1,2018-02-06,QUADRA,HAKAI,QOMA4,3,QU39,M,50.0307000000001,-125.0992,50.02984423,-125.09842599,,30,28.7592465,,QCC1915,2018-02-06T18:21:49.000Z,2018-02-06T19:00:31.000Z,Cell Count,2,rachel.walker;isabelle.desmarais,,,,,,,,,,,,Collected,Technicianm,,1: Metadata checked by ID.
,367361,2,2018-02-06,QUADRA,HAKAI,QOMA4,3,QU39,M,50.0307000000001,-125.0992,50.02984423,-125.09842599,,30,28.7592465,,QCC1916,2018-02-06T18:21:49.000Z,2018-02-06T19:00:31.000Z,Cell Count,2,rachel.walker;isabelle.desmarais,,,,,,,,,,,,Collected,Technicianm,,1: Metadata checked by ID.
,367361,3,2018-02-06,QUADRA,HAKAI,QOMA4,3,QU39,M,50.0307000000001,-125.0992,50.02984423,-125.09842599,,30,28.7592465,,QMIC2443,2018-02-06T18:21:49.000Z,2018-02-06T19:00:31.000Z,RNA,2000,rachel.walker;isabelle.desmarais,,,,,,,,,,,,Collected,Technicianm,,1: Metadata checked by ID.
,367361,4,2018-02-06,QUADRA,HAKAI,QOMA4,3,QU39,M,50.0307000000001,-125.0992,50.02984423,-125.09842599,,30,28.7592465,,QMIC2448,2018-02-06T18:21:49.000Z,2018-02-06T19:00:31.000Z,DNA,2000,rachel.walker;isabelle.desmarais,2018-06-28,185.3,230.3,49.1,4.91,Rebecca Piercey,QUADRA MARNA LAB,,,,,Collected,Technicianm,,1: Metadata checked by ID.2: quantified 2018-06-29
,367361,1,2018-02-06,QUADRA,HAKAI,QOMA4,3,QU39,M,50.0307000000001,-125.0992,50.02984423,-125.09842599,,50,48.3092091,,QCC1917,2018-02-06T18:21:49.000Z,2018-02-06T19:00:31.000Z,Cell Count,2,rachel.walker;isabelle.desmarais,,,,,,,,,,,,Collected,Technicianm,,1: Metadata checked by ID.
,367361,2,2018-02-06,QUADRA,HAKAI,QOMA4,3,QU39,M,50.0307000000001,-125.0992,50.02984423,-125.09842599,,50,48.3092091,,QCC1918,2018-02-06T18:21:49.000Z,2018-02-06T19:00:31.000Z,Cell Count,2,rachel.walker;isabelle.desmarais,,,,,,,,,,,,Collected,Technicianm,,1: Metadata checked by ID.
,367361,1,2018-02-06,QUADRA,HAKAI,QOMA4,3,QU39,M,50.0307000000001,-125.0992,50.02984423,-125.09842599,,100,99.244603,,QCC1919,2018-02-06T18:21:49.000Z,2018-02-06T19:00:31.000Z,Cell Count,2,rachel.walker;isabelle.desmarais,,,,,,,,,,,,Collected,Technicianm,,1: Metadata checked by ID.
,367361,2,2018-02-06,QUADRA,HAKAI,QOMA4,3,QU39,M,50.0307000000001,-125.0992,50.02984423,-125.09842599,,100,99.244603,,QCC1920,2018-02-06T18:21:49.000Z,2018-02-06T19:00:31.000Z,Cell Count,2,rachel.walker;isabelle.desmarais,,,,,,,,,,,,Collected,Technicianm,,1: Metadata checked by ID.
,367361,3,2018-02-06,QUADRA,HAKAI,QOMA4,3,QU39,M,50.0307000000001,-125.0992,50.02984423,-125.09842599,,100,99.244603,,QMIC2444,2018-02-06T18:21:49.000Z,2018-02-06T19:00:31.000Z,RNA,1950,rachel.walker;isabelle.desmarais,,,,,,,,,,,,Collected,Technicianm,,1: Metadata checked by ID.
,367361,4,2018-02-06,QUADRA,HAKAI,QOMA4,3,QU39,M,50.0307000000001,-125.0992,50.02984423,-125.09842599,,100,99.244603,,QMIC2449,2018-02-06T18:21:49.000Z,2018-02-06T19:00:31.000Z,DNA,2000,rachel.walker;isabelle.desmarais,2018-06-28,185.1,230.9,41.4,4.14,Rebecca Piercey,QUADRA MARNA LAB,,,,,Collected,Technicianm,,1: Metadata checked by ID.2: quantified 2018-06-29
,367360,1,2018-02-06,QUADRA,HAKAI,QOMA4,2,QU39,M,50.0307000000001,-125.0992,,,,260,257.9151489,,QCC1921,2018-02-06T17:52:49.000Z,2018-02-06T18:53:42.000Z,Cell Count,2,rachel.walker;isabelle.desmarais,,,,,,,,,,,,Collected,Technicianm,,1: Metadata checked by ID.
,367360,2,2018-02-06,QUADRA,HAKAI,QOMA4,2,QU39,M,50.0307000000001,-125.0992,,,,260,257.9151489,,QCC1922,2018-02-06T17:52:49.000Z,2018-02-06T18:53:42.000Z,Cell Count,2,rachel.walker;isabelle.desmarais,,,,,,,,,,,,Collected,Technicianm,,1: Metadata checked by ID.
,367360,3,2018-02-06,QUADRA,HAKAI,QOMA4,2,QU39,M,50.0307000000001,-125.0992,,,,260,257.9151489,,QMIC2445,2018-02-06T17:52:49.000Z,2018-02-06T18:53:42.000Z,RNA,2000,rachel.walker;isabelle.desmarais,,,,,,,,,,,,Collected,Technicianm,,1: Metadata checked by ID.
,367360,4,2018-02-06,QUADRA,HAKAI,QOMA4,2,QU39,M,50.0307000000001,-125.0992,,,,260,257.9151489,,QMIC2450,2018-02-06T17:52:49.000Z,2018-02-06T18:53:42.000Z,DNA,2000,rachel.walker;isabelle.desmarais,2018-06-28,185.4,231.7,38.6,3.86,Rebecca Piercey,QUADRA MARNA LAB,,,,,Collected,Technicianm,,1: Metadata checked by ID.2: quantified 2018-06-29
,368586,1,2018-02-13,QUADRA,HAKAI,QOMA5,3,QU39,M,50.0307000000001,-125.0992,50.02969509,-125.09819137,,0,,,QCC1895,2018-02-13T19:18:31.000Z,2018-02-13T21:17:33.000Z,Cell Count,2,brianna.knowles,,,,,,,,,,,,Collected,Technicianm,,1: Metadata QC'd by ID
,368586,2,2018-02-13,QUADRA,HAKAI,QOMA5,3,QU39,M,50.0307000000001,-125.0992,50.02969509,-125.09819137,,0,,,QCC1896,2018-02-13T19:18:31.000Z,2018-02-13T21:17:33.000Z,Cell Count,2,brianna.knowles,,,,,,,,,,,,Collected,Technicianm,,1: Metadata QC'd by ID
,368586,3,2018-02-13,QUADRA,HAKAI,QOMA5,3,QU39,M,50.0307000000001,-125.0992,50.02969509,-125.09819137,,0,,,QMIC2451,2018-02-13T19:18:31.000Z,2018-02-13T21:17:33.000Z,RNA,2000,brianna.knowles,,,,,,,,,,,,Collected,Technicianm,,1: Metadata QC'd by ID
,368586,4,2018-02-13,QUADRA,HAKAI,QOMA5,3,QU39,M,50.0307000000001,-125.0992,50.02969509,-125.09819137,,0,,,QMIC2456,2018-02-13T19:18:31.000Z,2018-02-13T21:17:33.000Z,DNA,2000,brianna.knowles,2018-06-27,220.4,261.3,57.8,5.78,Rebecca Piercey,QUADRA MARNA LAB,,,,,Collected,Technicianm,,1: Metadata QC'd by ID2: quantified 2018-06-29
,368586,1,2018-02-13,QUADRA,HAKAI,QOMA5,3,QU39,M,50.0307000000001,-125.0992,50.02969509,-125.09819137,,5,4.432901,,QCC1897,2018-02-13T19:18:31.000Z,2018-02-13T21:17:33.000Z,Cell Count,2,brianna.knowles,,,,,,,,,,,,Collected,Technicianm,,1: Metadata QC'd by ID
,368586,2,2018-02-13,QUADRA,HAKAI,QOMA5,3,QU39,M,50.0307000000001,-125.0992,50.02969509,-125.09819137,,5,4.432901,,QCC1898,2018-02-13T19:18:31.000Z,2018-02-13T21:17:33.000Z,Cell Count,2,brianna.knowles,,,,,,,,,,,,Collected,Technicianm,,1: Metadata QC'd by ID
,368586,3,2018-02-13,QUADRA,HAKAI,QOMA5,3,QU39,M,50.0307000000001,-125.0992,50.02969509,-125.09819137,,5,4.432901,,QMIC2452,2018-02-13T19:18:31.000Z,2018-02-13T21:17:33.000Z,RNA,2000,brianna.knowles,,,,,,,,,,,,Collected,Technicianm,,1: Metadata QC'd by ID
,368586,4,2018-02-13,QUADRA,HAKAI,QOMA5,3,QU39,M,50.0307000000001,-125.0992,50.02969509,-125.09819137,,5,4.432901,,QMIC2457,2018-02-13T19:18:31.000Z,2018-02-13T21:17:33.000Z,DNA,2000,brianna.knowles,2018-06-27,234.3,279.3,52.5,5.25,Rebecca Piercey,QUADRA MARNA LAB,,,,,Collected,Technicianm,,1: Metadata QC'd by ID2: quantified 2018-06-29
,368586,1,2018-02-13,QUADRA,HAKAI,QOMA5,3,QU39,M,50.0307000000001,-125.0992,50.02969509,-125.09819137,,10,,,QCC1899,2018-02-13T19:18:31.000Z,2018-02-13T21:17:33.000Z,Cell Count,2,brianna.knowles,,,,,,,,,,,,Collected,Technicianm,,1: Metadata QC'd by ID
,368586,2,2018-02-13,QUADRA,HAKAI,QOMA5,3,QU39,M,50.0307000000001,-125.0992,50.02969509,-125.09819137,,10,,,QCC1900,2018-02-13T19:18:31.000Z,2018-02-13T21:17:33.000Z,Cell Count,2,brianna.knowles,,,,,,,,,,,,Collected,Technicianm,,1: Metadata QC'd by ID
,368586,1,2018-02-13,QUADRA,HAKAI,QOMA5,3,QU39,M,50.0307000000001,-125.0992,50.02969509,-125.09819137,,30,29.1061792,,QCC1901,2018-02-13T19:18:31.000Z,2018-02-13T21:17:33.000Z,Cell Count,2,brianna.knowles,,,,,,,,,,,,Collected,Technicianm,,1: Metadata QC'd by ID
,368586,2,2018-02-13,QUADRA,HAKAI,QOMA5,3,QU39,M,50.0307000000001,-125.0992,50.02969509,-125.09819137,,30,29.1061792,,QCC1902,2018-02-13T19:18:31.000Z,2018-02-13T21:17:33.000Z,Cell Count,2,brianna.knowles,,,,,,,,,,,,Collected,Technicianm,,1: Metadata QC'd by ID
,368586,3,2018-02-13,QUADRA,HAKAI,QOMA5,3,QU39,M,50.0307000000001,-125.0992,50.02969509,-125.09819137,,30,29.1061792,,QMIC2453,2018-02-13T19:18:31.000Z,2018-02-13T21:17:33.000Z,RNA,2000,brianna.knowles,,,,,,,,,,,,Collected,Technicianm,,1: Metadata QC'd by ID
,368586,4,2018-02-13,QUADRA,HAKAI,QOMA5,3,QU39,M,50.0307000000001,-125.0992,50.02969509,-125.09819137,,30,29.1061792,,QMIC2458,2018-02-13T19:18:31.000Z,2018-02-13T21:17:33.000Z,DNA,2000,brianna.knowles,2018-06-27,204.6,240.4,38.5,3.85,Rebecca Piercey,QUADRA MARNA LAB,,,,,Collected,Technicianm,,1: Metadata QC'd by ID2: quantified 2018-06-29
,368586,1,2018-02-13,QUADRA,HAKAI,QOMA5,3,QU39,M,50.0307000000001,-125.0992,50.02969509,-125.09819137,,50,,,QCC1903,2018-02-13T19:18:31.000Z,2018-02-13T21:17:33.000Z,Cell Count,2,brianna.knowles,,,,,,,,,,,,Collected,Technicianm,,1: Metadata QC'd by ID
,368586,2,2018-02-13,QUADRA,HAKAI,QOMA5,3,QU39,M,50.0307000000001,-125.0992,50.02969509,-125.09819137,,50,,,QCC1904,2018-02-13T19:18:31.000Z,2018-02-13T21:17:33.000Z,Cell Count,2,brianna.knowles,,,,,,,,,,,,Collected,Technicianm,,1: Metadata QC'd by ID
,368586,1,2018-02-13,QUADRA,HAKAI,QOMA5,3,QU39,M,50.0307000000001,-125.0992,50.02969509,-125.09819137,,100,98.526682,,QCC1905,2018-02-13T19:18:31.000Z,2018-02-13T21:17:33.000Z,Cell Count,2,brianna.knowles,,,,,,,,,,,,Collected,Technicianm,,1: Metadata QC'd by ID
,368586,2,2018-02-13,QUADRA,HAKAI,QOMA5,3,QU39,M,50.0307000000001,-125.0992,50.02969509,-125.09819137,,100,98.526682,,QCC1906,2018-02-13T19:18:31.000Z,2018-02-13T21:17:33.000Z,Cell Count,2,brianna.knowles,,,,,,,,,,,,Collected,Technicianm,,1: Metadata QC'd by ID
,368586,3,2018-02-13,QUADRA,HAKAI,QOMA5,3,QU39,M,50.0307000000001,-125.0992,50.02969509,-125.09819137,,100,98.526682,,QMIC2454,2018-02-13T19:18:31.000Z,2018-02-13T21:17:33.000Z,RNA,2000,brianna.knowles,,,,,,,,,,,,Collected,Technicianm,,1: Metadata QC'd by ID
,368586,4,2018-02-13,QUADRA,HAKAI,QOMA5,3,QU39,M,50.0307000000001,-125.0992,50.02969509,-125.09819137,,100,98.526682,,QMIC2459,2018-02-13T19:18:31.000Z,2018-02-13T21:17:33.000Z,DNA,2000,brianna.knowles,2018-06-27,200,240.5,37.3,3.73,Rebecca Piercey,QUADRA MARNA LAB,,,,,Collected,Technicianm,,1: Metadata QC'd by ID2: quantified 2018-06-29
,368585,1,2018-02-13,QUADRA,HAKAI,QOMA5,2,QU39,M,50.0307000000001,-125.0992,50.03025861,-125.09817854,,260,257.751218,,QCC1907,2018-02-13T18:49:55.000Z,2018-02-13T21:10:00.000Z,Cell Count,2,brianna.knowles,,,,,,,,,,,,Collected,Technicianm,,1: Metadata QC'd by ID
,368585,2,2018-02-13,QUADRA,HAKAI,QOMA5,2,QU39,M,50.0307000000001,-125.0992,50.03025861,-125.09817854,,260,257.751218,,QCC1908,2018-02-13T18:49:55.000Z,2018-02-13T21:10:00.000Z,Cell Count,2,brianna.knowles,,,,,,,,,,,,Collected,Technicianm,,1: Metadata QC'd by ID
,368585,3,2018-02-13,QUADRA,HAKAI,QOMA5,2,QU39,M,50.0307000000001,-125.0992,50.03025861,-125.09817854,,260,257.751218,,QMIC2455,2018-02-13T18:49:55.000Z,2018-02-13T21:10:00.000Z,RNA,2000,brianna.knowles,,,,,,,,,,,,Collected,Technicianm,,1: Metadata QC'd by ID
,368585,4,2018-02-13,QUADRA,HAKAI,QOMA5,2,QU39,M,50.0307000000001,-125.0992,50.03025861,-125.09817854,,260,257.751218,,QMIC2460,2018-02-13T18:49:55.000Z,2018-02-13T21:10:00.000Z,DNA,2000,brianna.knowles,2018-06-27,200,250,31.8,3.18,Rebecca Piercey,QUADRA MARNA LAB,,,,,Collected,Technicianm,,1: Metadata QC'd by ID2: quantified 2018-06-29
,368685,1,2018-02-19,QUADRA,HAKAI,QOMA1,3,QU39,M,50.0307000000001,-125.0992,50.03062541,-125.0990945,,0,,,QCC1923,2018-02-19T19:09:43.000Z,2018-02-19T21:46:09.000Z,Cell Count,2,isabelle.desmarais,,,,,,,,,,,,Collected,Technicianm,,1: Metadata QC'd by ID
,368685,2,2018-02-19,QUADRA,HAKAI,QOMA1,3,QU39,M,50.0307000000001,-125.0992,50.03062541,-125.0990945,,0,,,QCC1924,2018-02-19T19:09:43.000Z,2018-02-19T21:46:09.000Z,Cell Count,2,isabelle.desmarais,,,,,,,,,,,,Collected,Technicianm,,1: Metadata QC'd by ID
,368685,3,2018-02-19,QUADRA,HAKAI,QOMA1,3,QU39,M,50.0307000000001,-125.0992,50.03062541,-125.0990945,,0,,,QMIC2461,2018-02-19T19:09:43.000Z,2018-02-19T21:46:09.000Z,RNA,2000,isabelle.desmarais,,,,,,,,,,,,Collected,Technicianm,,1: Metadata QC'd by ID
,368685,4,2018-02-19,QUADRA,HAKAI,QOMA1,3,QU39,M,50.0307000000001,-125.0992,50.03062541,-125.0990945,,0,,,QMIC2466,2018-02-19T19:09:43.000Z,2018-02-19T21:46:09.000Z,DNA,2000,isabelle.desmarais,2018-07-11,164.1,214.1,101,10.1,Rebecca Piercey,QUADRA MARNA LAB,,,,,Collected,Technicianm,,1: Metadata QC'd by ID2: quantified on 2018-07-12
,368685,1,2018-02-19,QUADRA,HAKAI,QOMA1,3,QU39,M,50.0307000000001,-125.0992,50.03062541,-125.0990945,,5,6.2928105,,QCC1925,2018-02-19T19:09:43.000Z,2018-02-19T21:46:09.000Z,Cell Count,2,isabelle.desmarais,,,,,,,,,,,,Collected,Technicianm,,1: Metadata QC'd by ID
,368685,2,2018-02-19,QUADRA,HAKAI,QOMA1,3,QU39,M,50.0307000000001,-125.0992,50.03062541,-125.0990945,,5,6.2928105,,QCC1926,2018-02-19T19:09:43.000Z,2018-02-19T21:46:09.000Z,Cell Count,2,isabelle.desmarais,,,,,,,,,,,,Collected,Technicianm,,1: Metadata QC'd by ID
,368685,3,2018-02-19,QUADRA,HAKAI,QOMA1,3,QU39,M,50.0307000000001,-125.0992,50.03062541,-125.0990945,,5,6.2928105,,QMIC2462,2018-02-19T19:09:43.000Z,2018-02-19T21:46:09.000Z,RNA,2000,isabelle.desmarais,,,,,,,,,,,,Collected,Technicianm,,1: Metadata QC'd by ID
,368685,4,2018-02-19,QUADRA,HAKAI,QOMA1,3,QU39,M,50.0307000000001,-125.0992,50.03062541,-125.0990945,,5,6.2928105,,QMIC2467,2018-02-19T19:09:43.000Z,2018-02-19T21:46:09.000Z,DNA,2000,isabelle.desmarais,2018-07-11,159.2,209.2,99.8,9.98,Rebecca Piercey,QUADRA MARNA LAB,,,,,Collected,Technicianm,,1: Metadata QC'd by ID2: quantified on 2018-07-12
,368685,1,2018-02-19,QUADRA,HAKAI,QOMA1,3,QU39,M,50.0307000000001,-125.0992,50.03062541,-125.0990945,,10,11.5802759,,QCC1927,2018-02-19T19:09:43.000Z,2018-02-19T21:46:09.000Z,Cell Count,2,isabelle.desmarais,,,,,,,,,,,,Collected,Technicianm,,1: Metadata QC'd by ID
,368685,2,2018-02-19,QUADRA,HAKAI,QOMA1,3,QU39,M,50.0307000000001,-125.0992,50.03062541,-125.0990945,,10,11.5802759,,QCC1928,2018-02-19T19:09:43.000Z,2018-02-19T21:46:09.000Z,Cell Count,2,isabelle.desmarais,,,,,,,,,,,,Collected,Technicianm,,1: Metadata QC'd by ID
,368685,1,2018-02-19,QUADRA,HAKAI,QOMA1,3,QU39,M,50.0307000000001,-125.0992,50.03062541,-125.0990945,,30,31.4157289,,QCC1929,2018-02-19T19:09:43.000Z,2018-02-19T21:46:09.000Z,Cell Count,2,isabelle.desmarais,,,,,,,,,,,,Collected,Technicianm,,1: Metadata QC'd by ID
,368685,2,2018-02-19,QUADRA,HAKAI,QOMA1,3,QU39,M,50.0307000000001,-125.0992,50.03062541,-125.0990945,,30,31.4157289,,QCC1930,2018-02-19T19:09:43.000Z,2018-02-19T21:46:09.000Z,Cell Count,2,isabelle.desmarais,,,,,,,,,,,,Collected,Technicianm,,1: Metadata QC'd by ID
,368685,3,2018-02-19,QUADRA,HAKAI,QOMA1,3,QU39,M,50.0307000000001,-125.0992,50.03062541,-125.0990945,,30,31.4157289,,QMIC2463,2018-02-19T19:09:43.000Z,2018-02-19T21:46:09.000Z,RNA,2000,isabelle.desmarais,,,,,,,,,,,,Collected,Technicianm,,1: Metadata QC'd by ID2: Took a while to be collected.
,368685,4,2018-02-19,QUADRA,HAKAI,QOMA1,3,QU39,M,50.0307000000001,-125.0992,50.03062541,-125.0990945,,30,31.4157289,,QMIC2468,2018-02-19T19:09:43.000Z,2018-02-19T21:46:09.000Z,DNA,2000,isabelle.desmarais,2018-07-11,186.5,236.5,70,7,Rebecca Piercey,QUADRA MARNA LAB,,,,,Collected,Technicianm,,1: Metadata QC'd by ID2: quantified on 2018-07-12
,368685,1,2018-02-19,QUADRA,HAKAI,QOMA1,3,QU39,M,50.0307000000001,-125.0992,50.03062541,-125.0990945,,50,54.1965757,,QCC1931,2018-02-19T19:09:43.000Z,2018-02-19T21:46:09.000Z,Cell Count,2,isabelle.desmarais,,,,,,,,,,,,Collected,Technicianm,,1: Metadata QC'd by ID
,368685,2,2018-02-19,QUADRA,HAKAI,QOMA1,3,QU39,M,50.0307000000001,-125.0992,50.03062541,-125.0990945,,50,54.1965757,,QCC1932,2018-02-19T19:09:43.000Z,2018-02-19T21:46:09.000Z,Cell Count,2,isabelle.desmarais,,,,,,,,,,,,Collected,Technicianm,,1: Metadata QC'd by ID
,368685,1,2018-02-19,QUADRA,HAKAI,QOMA1,3,QU39,M,50.0307000000001,-125.0992,50.03062541,-125.0990945,,100,105.0298947,,QCC1933,2018-02-19T19:09:43.000Z,2018-02-19T21:46:09.000Z,Cell Count,2,isabelle.desmarais,,,,,,,,,,,,Collected,Technicianm,,1: Metadata QC'd by ID
,368685,2,2018-02-19,QUADRA,HAKAI,QOMA1,3,QU39,M,50.0307000000001,-125.0992,50.03062541,-125.0990945,,100,105.0298947,,QCC1934,2018-02-19T19:09:43.000Z,2018-02-19T21:46:09.000Z,Cell Count,2,isabelle.desmarais,,,,,,,,,,,,Collected,Technicianm,,1: Metadata QC'd by ID
,368685,3,2018-02-19,QUADRA,HAKAI,QOMA1,3,QU39,M,50.0307000000001,-125.0992,50.03062541,-125.0990945,,100,105.0298947,,QMIC2464,2018-02-19T19:09:43.000Z,2018-02-19T21:46:09.000Z,RNA,2000,isabelle.desmarais,,,,,,,,,,,,Collected,Technicianm,,1: Metadata QC'd by ID
,368685,4,2018-02-19,QUADRA,HAKAI,QOMA1,3,QU39,M,50.0307000000001,-125.0992,50.03062541,-125.0990945,,100,105.0298947,,QMIC2469,2018-02-19T19:09:43.000Z,2018-02-19T21:46:09.000Z,DNA,2000,isabelle.desmarais,2018-07-11,167.3,217.3,56.3,5.63,Rebecca Piercey,QUADRA MARNA LAB,,,,,Collected,Technicianm,,1: Metadata QC'd by ID2: quantified on 2018-07-12
,368687,1,2018-02-19,QUADRA,HAKAI,QOMA1,4,QU39,M,50.0307000000001,-125.0992,,,,260,257.5969923,,QCC1935,2018-02-19T18:36:17.000Z,2018-02-19T22:14:56.000Z,Cell Count,2,isabelle.desmarais,,,,,,,,,,,,Collected,Technicianm,,1: Metadata QC'd by ID
,368687,2,2018-02-19,QUADRA,HAKAI,QOMA1,4,QU39,M,50.0307000000001,-125.0992,,,,260,257.5969923,,QCC1936,2018-02-19T18:36:17.000Z,2018-02-19T22:14:56.000Z,Cell Count,2,isabelle.desmarais,,,,,,,,,,,,Collected,Technicianm,,1: Metadata QC'd by ID
,368687,3,2018-02-19,QUADRA,HAKAI,QOMA1,4,QU39,M,50.0307000000001,-125.0992,,,,260,257.5969923,,QMIC2465,2018-02-19T18:36:17.000Z,2018-02-19T22:14:56.000Z,RNA,1950,isabelle.desmarais,,,,,,,,,,,,Collected,Technicianm,,1: Metadata QC'd by ID
,368687,4,2018-02-19,QUADRA,HAKAI,QOMA1,4,QU39,M,50.0307000000001,-125.0992,,,,260,257.5969923,,QMIC2470,2018-02-19T18:36:17.000Z,2018-02-19T22:14:56.000Z,DNA,2000,isabelle.desmarais,2018-07-11,162.7,210,56.1,5.61,Rebecca Piercey,QUADRA MARNA LAB,,,,,Collected,Technicianm,,1: Metadata QC'd by ID2: quantified on 2018-07-12
,371431,1,2018-02-27,QUADRA,HAKAI,QOMA5,3,QU39,M,50.0307000000001,-125.0992,,,,0,,,QCC1937,2018-02-27T18:15:14.000Z,2018-02-27T21:12:40.000Z,Cell Count,2,rebecca.piercey,,,,,,,,,,,,Collected,Technicianm,,1: Metadata Qc'd by ID2: Unable to gather location in field
,371431,2,2018-02-27,QUADRA,HAKAI,QOMA5,3,QU39,M,50.0307000000001,-125.0992,,,,0,,,QCC1938,2018-02-27T18:15:14.000Z,2018-02-27T21:12:40.000Z,Cell Count,2,rebecca.piercey,,,,,,,,,,,,Collected,Technicianm,,1: Metadata Qc'd by ID2: Unable to gather location in field
,371431,3,2018-02-27,QUADRA,HAKAI,QOMA5,3,QU39,M,50.0307000000001,-125.0992,,,,0,,,QMIC2471,2018-02-27T18:15:14.000Z,2018-02-27T21:12:40.000Z,RNA,2000,rebecca.piercey,,,,,,,,,,,,Collected,Technicianm,,1: Metadata Qc'd by ID2: Unable to gather location in field
,371431,4,2018-02-27,QUADRA,HAKAI,QOMA5,3,QU39,M,50.0307000000001,-125.0992,,,,0,,,QMIC2476,2018-02-27T18:15:14.000Z,2018-02-27T21:12:40.000Z,DNA,2000,rebecca.piercey,2018-07-11,188.3,230.8,74.2,7.42,Rebecca Piercey,QUADRA MARNA LAB,,,,,Collected,Technicianm,,1: Metadata Qc'd by ID2: quantified on 2018-07-123: Unable to gather location in field
,371431,1,2018-02-27,QUADRA,HAKAI,QOMA5,3,QU39,M,50.0307000000001,-125.0992,,,,5,4.1762751,,QCC1939,2018-02-27T18:15:14.000Z,2018-02-27T21:12:40.000Z,Cell Count,2,rebecca.piercey,,,,,,,,,,,,Collected,Technicianm,,1: Metadata Qc'd by ID2: Unable to gather location in field
,371431,2,2018-02-27,QUADRA,HAKAI,QOMA5,3,QU39,M,50.0307000000001,-125.0992,,,,5,4.1762751,,QCC1940,2018-02-27T18:15:14.000Z,2018-02-27T21:12:40.000Z,Cell Count,2,rebecca.piercey,,,,,,,,,,,,Collected,Technicianm,,1: Metadata Qc'd by ID2: Unable to gather location in field
,371431,3,2018-02-27,QUADRA,HAKAI,QOMA5,3,QU39,M,50.0307000000001,-125.0992,,,,5,4.1762751,,QMIC2472,2018-02-27T18:15:14.000Z,2018-02-27T21:12:40.000Z,RNA,2000,rebecca.piercey,,,,,,,,,,,,Collected,Technicianm,,1: Metadata Qc'd by ID2: Unable to gather location in field
,371431,4,2018-02-27,QUADRA,HAKAI,QOMA5,3,QU39,M,50.0307000000001,-125.0992,,,,5,4.1762751,,QMIC2477,2018-02-27T18:15:14.000Z,2018-02-27T21:12:40.000Z,DNA,1950,rebecca.piercey,2018-07-11,170.2,220.2,113,11.3,Rebecca Piercey,QUADRA MARNA LAB,,,,,Collected,Technicianm,,1: Metadata Qc'd by ID2: quantified on 2018-07-123: Unable to gather location in field
,371431,1,2018-02-27,QUADRA,HAKAI,QOMA5,3,QU39,M,50.0307000000001,-125.0992,,,,10,,,QCC1941,2018-02-27T18:15:14.000Z,2018-02-27T21:12:40.000Z,Cell Count,2,rebecca.piercey,,,,,,,,,,,,Collected,Technicianm,,1: Metadata Qc'd by ID2: Unable to gather location in field
,371431,2,2018-02-27,QUADRA,HAKAI,QOMA5,3,QU39,M,50.0307000000001,-125.0992,,,,10,,,QCC1942,2018-02-27T18:15:14.000Z,2018-02-27T21:12:40.000Z,Cell Count,2,rebecca.piercey,,,,,,,,,,,,Collected,Technicianm,,1: Metadata Qc'd by ID2: Unable to gather location in field
,371431,1,2018-02-27,QUADRA,HAKAI,QOMA5,3,QU39,M,50.0307000000001,-125.0992,,,,30,29.1783623,,QCC1943,2018-02-27T18:15:14.000Z,2018-02-27T21:12:40.000Z,Cell Count,2,rebecca.piercey,,,,,,,,,,,,Collected,Technicianm,,1: Metadata Qc'd by ID2: Unable to gather location in field
,371431,2,2018-02-27,QUADRA,HAKAI,QOMA5,3,QU39,M,50.0307000000001,-125.0992,,,,30,29.1783623,,QCC1944,2018-02-27T18:15:14.000Z,2018-02-27T21:12:40.000Z,Cell Count,2,rebecca.piercey,,,,,,,,,,,,Collected,Technicianm,,1: Metadata Qc'd by ID2: Unable to gather location in field
,371431,3,2018-02-27,QUADRA,HAKAI,QOMA5,3,QU39,M,50.0307000000001,-125.0992,,,,30,29.1783623,,QMIC2473,2018-02-27T18:15:14.000Z,2018-02-27T21:12:40.000Z,RNA,1900,rebecca.piercey,,,,,,,,,,,,Collected,Technicianm,,1: Metadata Qc'd by ID2: Unable to gather location in field
,371431,4,2018-02-27,QUADRA,HAKAI,QOMA5,3,QU39,M,50.0307000000001,-125.0992,,,,30,29.1783623,,QMIC2478,2018-02-27T18:15:14.000Z,2018-02-27T21:12:40.000Z,DNA,2000,rebecca.piercey,2018-07-11,186.3,236.3,80.7,8.07,Rebecca Piercey,QUADRA MARNA LAB,,,,,Collected,Technicianm,,1: Metadata Qc'd by ID2: quantified on 2018-07-123: Unable to gather location in field
,371431,1,2018-02-27,QUADRA,HAKAI,QOMA5,3,QU39,M,50.0307000000001,-125.0992,,,,50,,,QCC1945,2018-02-27T18:15:14.000Z,2018-02-27T21:12:40.000Z,Cell Count,2,rebecca.piercey,,,,,,,,,,,,Collected,Technicianm,,1: Metadata Qc'd by ID2: Unable to gather location in field
,371431,2,2018-02-27,QUADRA,HAKAI,QOMA5,3,QU39,M,50.0307000000001,-125.0992,,,,50,,,QCC1946,2018-02-27T18:15:14.000Z,2018-02-27T21:12:40.000Z,Cell Count,2,rebecca.piercey,,,,,,,,,,,,Collected,Technicianm,,1: Metadata Qc'd by ID2: Unable to gather location in field
,371431,1,2018-02-27,QUADRA,HAKAI,QOMA5,3,QU39,M,50.0307000000001,-125.0992,,,,100,99.7264269,,QCC1947,2018-02-27T18:15:14.000Z,2018-02-27T21:12:40.000Z,Cell Count,2,rebecca.piercey,,,,,,,,,,,,Collected,Technicianm,,1: Metadata Qc'd by ID2: Unable to gather location in field
,371431,2,2018-02-27,QUADRA,HAKAI,QOMA5,3,QU39,M,50.0307000000001,-125.0992,,,,100,99.7264269,,QCC1948,2018-02-27T18:15:14.000Z,2018-02-27T21:12:40.000Z,Cell Count,2,rebecca.piercey,,,,,,,,,,,,Collected,Technicianm,,1: Metadata Qc'd by ID2: Unable to gather location in field
,371431,3,2018-02-27,QUADRA,HAKAI,QOMA5,3,QU39,M,50.0307000000001,-125.0992,,,,100,99.7264269,,QMIC2474,2018-02-27T18:15:14.000Z,2018-02-27T21:12:40.000Z,RNA,2000,rebecca.piercey,,,,,,,,,,,,Collected,Technicianm,,1: Metadata Qc'd by ID2: Unable to gather location in field
,371431,4,2018-02-27,QUADRA,HAKAI,QOMA5,3,QU39,M,50.0307000000001,-125.0992,,,,100,99.7264269,,QMIC2479,2018-02-27T18:15:14.000Z,2018-02-27T21:12:40.000Z,DNA,2000,rebecca.piercey,2018-07-11,148.4,188.9,70.8,7.08,Rebecca Piercey,QUADRA MARNA LAB,,,,,Collected,Technicianm,,1: Metadata Qc'd by ID2: quantified on 2018-07-123: Unable to gather location in field
,371430,1,2018-02-27,QUADRA,HAKAI,QOMA5,2,QU39,M,50.0307000000001,-125.0992,50.03146231,-125.10260993,,260,257.2517773,,QCC1949,2018-02-27T17:40:45.000Z,2018-02-27T21:15:32.000Z,Cell Count,2,rebecca.piercey,,,,,,,,,,,,Collected,Technicianm,,1: Metadata Qc'd by ID
,371430,2,2018-02-27,QUADRA,HAKAI,QOMA5,2,QU39,M,50.0307000000001,-125.0992,50.03146231,-125.10260993,,260,257.2517773,,QCC1950,2018-02-27T17:40:45.000Z,2018-02-27T21:15:32.000Z,Cell Count,2,rebecca.piercey,,,,,,,,,,,,Collected,Technicianm,,1: Metadata Qc'd by ID
,371430,3,2018-02-27,QUADRA,HAKAI,QOMA5,2,QU39,M,50.0307000000001,-125.0992,50.03146231,-125.10260993,,260,257.2517773,,QMIC2475,2018-02-27T17:40:45.000Z,2018-02-27T21:15:32.000Z,RNA,2000,rebecca.piercey,,,,,,,,,,,,Collected,Technicianm,,1: Metadata Qc'd by ID
,371430,4,2018-02-27,QUADRA,HAKAI,QOMA5,2,QU39,M,50.0307000000001,-125.0992,50.03146231,-125.10260993,,260,257.2517773,,QMIC2480,2018-02-27T17:40:45.000Z,2018-02-27T21:15:32.000Z,DNA,2000,rebecca.piercey,2018-07-11,160.2,194.7,56.7,5.67,Rebecca Piercey,QUADRA MARNA LAB,,,,,Collected,Technicianm,,1: Metadata Qc'd by ID2: quantified on 2018-07-12
,372395,1,2018-03-06,QUADRA,HAKAI,QOMA4,3,QU39,M,50.0307000000001,-125.0992,,,,0,,,QCC1951,2018-03-06T18:15:10.000Z,2018-03-06T18:43:32.000Z,Cell Count,2,rachel.walker;isabelle.desmarais;Bryn,,,,,,,,,,,,Collected,Technicianm,,1: Metadata Qc'd by ID2: No location
,372395,2,2018-03-06,QUADRA,HAKAI,QOMA4,3,QU39,M,50.0307000000001,-125.0992,,,,0,,,QCC1952,2018-03-06T18:15:10.000Z,2018-03-06T18:43:32.000Z,Cell Count,2,rachel.walker;isabelle.desmarais;Bryn,,,,,,,,,,,,Collected,Technicianm,,1: Metadata Qc'd by ID2: No location
,372395,3,2018-03-06,QUADRA,HAKAI,QOMA4,3,QU39,M,50.0307000000001,-125.0992,,,,0,,,QMIC2481,2018-03-06T18:15:10.000Z,2018-03-06T18:43:32.000Z,RNA,2000,rachel.walker;isabelle.desmarais;Bryn,,,,,,,,,,,,Collected,Technicianm,,1: Metadata Qc'd by ID2: No location
,372395,4,2018-03-06,QUADRA,HAKAI,QOMA4,3,QU39,M,50.0307000000001,-125.0992,,,,0,,,QMIC2486,2018-03-06T18:15:10.000Z,2018-03-06T18:43:32.000Z,DNA,2000,rachel.walker;isabelle.desmarais;Bryn,2018-07-11,177.8,227.8,76.3,7.63,Rebecca Piercey,QUADRA MARNA LAB,,,,,Collected,Technicianm,,1: Metadata Qc'd by ID2: No location3: quantified on 2018-07-12
,372395,1,2018-03-06,QUADRA,HAKAI,QOMA4,3,QU39,M,50.0307000000001,-125.0992,,,,5,3.911625,,QCC1953,2018-03-06T18:15:10.000Z,2018-03-06T18:43:32.000Z,Cell Count,2,rachel.walker;isabelle.desmarais;Bryn,,,,,,,,,,,,Collected,Technicianm,,1: Metadata Qc'd by ID2: No location
,372395,2,2018-03-06,QUADRA,HAKAI,QOMA4,3,QU39,M,50.0307000000001,-125.0992,,,,5,3.911625,,QCC1954,2018-03-06T18:15:10.000Z,2018-03-06T18:43:32.000Z,Cell Count,2,rachel.walker;isabelle.desmarais;Bryn,,,,,,,,,,,,Collected,Technicianm,,1: Metadata Qc'd by ID2: No location
,372395,3,2018-03-06,QUADRA,HAKAI,QOMA4,3,QU39,M,50.0307000000001,-125.0992,,,,5,3.911625,,QMIC2482,2018-03-06T18:15:10.000Z,2018-03-06T18:43:32.000Z,RNA,2000,rachel.walker;isabelle.desmarais;Bryn,,,,,,,,,,,,Collected,Technicianm,,1: Metadata Qc'd by ID2: No location
,372395,4,2018-03-06,QUADRA,HAKAI,QOMA4,3,QU39,M,50.0307000000001,-125.0992,,,,5,3.911625,,QMIC2487,2018-03-06T18:15:10.000Z,2018-03-06T18:43:32.000Z,DNA,2000,rachel.walker;isabelle.desmarais;Bryn,2018-07-11,190.4,230.2,122,12.2,Rebecca Piercey,QUADRA MARNA LAB,,,,,Collected,Technicianm,,1: Metadata Qc'd by ID2: No location3: quantified on 2018-07-12
,372395,1,2018-03-06,QUADRA,HAKAI,QOMA4,3,QU39,M,50.0307000000001,-125.0992,,,,10,8.9820101,,QCC1955,2018-03-06T18:15:10.000Z,2018-03-06T18:43:32.000Z,Cell Count,2,rachel.walker;isabelle.desmarais;Bryn,,,,,,,,,,,,Collected,Technicianm,,1: Metadata Qc'd by ID2: No location
,372395,2,2018-03-06,QUADRA,HAKAI,QOMA4,3,QU39,M,50.0307000000001,-125.0992,,,,10,8.9820101,,QCC1956,2018-03-06T18:15:10.000Z,2018-03-06T18:43:32.000Z,Cell Count,2,rachel.walker;isabelle.desmarais;Bryn,,,,,,,,,,,,Collected,Technicianm,,1: Metadata Qc'd by ID2: No location
,372395,1,2018-03-06,QUADRA,HAKAI,QOMA4,3,QU39,M,50.0307000000001,-125.0992,,,,30,29.081931,,QCC1957,2018-03-06T18:15:10.000Z,2018-03-06T18:43:32.000Z,Cell Count,2,rachel.walker;isabelle.desmarais;Bryn,,,,,,,,,,,,Collected,Technicianm,,1: Metadata Qc'd by ID2: No location
,372395,2,2018-03-06,QUADRA,HAKAI,QOMA4,3,QU39,M,50.0307000000001,-125.0992,,,,30,29.081931,,QCC1958,2018-03-06T18:15:10.000Z,2018-03-06T18:43:32.000Z,Cell Count,2,rachel.walker;isabelle.desmarais;Bryn,,,,,,,,,,,,Collected,Technicianm,,1: Metadata Qc'd by ID2: No location
,372395,3,2018-03-06,QUADRA,HAKAI,QOMA4,3,QU39,M,50.0307000000001,-125.0992,,,,30,29.081931,,QMIC2483,2018-03-06T18:15:10.000Z,2018-03-06T18:43:32.000Z,RNA,2000,rachel.walker;isabelle.desmarais;Bryn,,,,,,,,,,,,Collected,Technicianm,,1: Metadata Qc'd by ID2: No location
,372395,4,2018-03-06,QUADRA,HAKAI,QOMA4,3,QU39,M,50.0307000000001,-125.0992,,,,30,29.081931,,QMIC2488,2018-03-06T18:15:10.000Z,2018-03-06T18:43:32.000Z,DNA,2000,rachel.walker;isabelle.desmarais;Bryn,2018-07-11,176.5,219.2,88,8.8,Rebecca Piercey,QUADRA MARNA LAB,,,,,Collected,Technicianm,,1: Metadata Qc'd by ID2: No location3: quantified on 2018-07-12
,372395,1,2018-03-06,QUADRA,HAKAI,QOMA4,3,QU39,M,50.0307000000001,-125.0992,,,,50,48.4766922,,QCC1959,2018-03-06T18:15:10.000Z,2018-03-06T18:43:32.000Z,Cell Count,2,rachel.walker;isabelle.desmarais;Bryn,,,,,,,,,,,,Collected,Technicianm,,1: Metadata Qc'd by ID2: No location
,372395,2,2018-03-06,QUADRA,HAKAI,QOMA4,3,QU39,M,50.0307000000001,-125.0992,,,,50,48.4766922,,QCC1960,2018-03-06T18:15:10.000Z,2018-03-06T18:43:32.000Z,Cell Count,2,rachel.walker;isabelle.desmarais;Bryn,,,,,,,,,,,,Collected,Technicianm,,1: Metadata Qc'd by ID2: No location
,372395,1,2018-03-06,QUADRA,HAKAI,QOMA4,3,QU39,M,50.0307000000001,-125.0992,,,,100,99.449053,,QCC1961,2018-03-06T18:15:10.000Z,2018-03-06T18:43:32.000Z,Cell Count,2,rachel.walker;isabelle.desmarais;Bryn,,,,,,,,,,,,Collected,Technicianm,,1: Metadata Qc'd by ID2: No location
,372395,2,2018-03-06,QUADRA,HAKAI,QOMA4,3,QU39,M,50.0307000000001,-125.0992,,,,100,99.449053,,QCC1962,2018-03-06T18:15:10.000Z,2018-03-06T18:43:32.000Z,Cell Count,2,rachel.walker;isabelle.desmarais;Bryn,,,,,,,,,,,,Collected,Technicianm,,1: Metadata Qc'd by ID2: No location
,372395,3,2018-03-06,QUADRA,HAKAI,QOMA4,3,QU39,M,50.0307000000001,-125.0992,,,,100,99.449053,,QMIC2484,2018-03-06T18:15:10.000Z,2018-03-06T18:43:32.000Z,RNA,1950,rachel.walker;isabelle.desmarais;Bryn,,,,,,,,,,,,Collected,Technicianm,,1: Metadata Qc'd by ID2: No location
,372395,4,2018-03-06,QUADRA,HAKAI,QOMA4,3,QU39,M,50.0307000000001,-125.0992,,,,100,99.449053,,QMIC2489,2018-03-06T18:15:10.000Z,2018-03-06T18:43:32.000Z,DNA,2000,rachel.walker;isabelle.desmarais;Bryn,2018-07-11,185.5,235.5,57.7,5.77,Rebecca Piercey,QUADRA MARNA LAB,,,,,Collected,Technicianm,,1: Metadata Qc'd by ID2: No location3: quantified on 2018-07-12
,372394,1,2018-03-06,QUADRA,HAKAI,QOMA4,2,QU39,M,50.0307000000001,-125.0992,,,,260,262.4596651,,QCC1963,2018-03-06T17:47:43.000Z,2018-03-06T18:02:46.000Z,Cell Count,2,rachel.walker;isabelle.desmarais;Bryn,,,,,,,,,,,,Collected,Technicianm,,1: Location is not the right one. Was pressed by mistake2: Metadata Qc'd by ID
,372394,2,2018-03-06,QUADRA,HAKAI,QOMA4,2,QU39,M,50.0307000000001,-125.0992,,,,260,262.4596651,,QCC1964,2018-03-06T17:47:43.000Z,2018-03-06T18:02:46.000Z,Cell Count,2,rachel.walker;isabelle.desmarais;Bryn,,,,,,,,,,,,Collected,Technicianm,,1: Location is not the right one. Was pressed by mistake2: Metadata Qc'd by ID
,372394,3,2018-03-06,QUADRA,HAKAI,QOMA4,2,QU39,M,50.0307000000001,-125.0992,,,,260,262.4596651,,QMIC2485,2018-03-06T17:47:43.000Z,2018-03-06T18:02:46.000Z,RNA,2000,rachel.walker;isabelle.desmarais;Bryn,,,,,,,,,,,,Collected,Technicianm,,1: Location is not the right one. Was pressed by mistake2: Metadata Qc'd by ID
,372394,4,2018-03-06,QUADRA,HAKAI,QOMA4,2,QU39,M,50.0307000000001,-125.0992,,,,260,262.4596651,,QMIC2490,2018-03-06T17:47:43.000Z,2018-03-06T18:02:46.000Z,DNA,2000,rachel.walker;isabelle.desmarais;Bryn,2018-07-11,163.3,198.6,73.2,7.32,Rebecca Piercey,QUADRA MARNA LAB,,,,,Collected,Technicianm,,1: Location is not the right one. Was pressed by mistake2: Metadata Qc'd by ID3: quantified on 2018-07-12
,373340,1,2018-03-13,QUADRA,HAKAI,QOMA5,3,QU39,M,50.0307000000001,-125.0992,50.03023806,-125.09857564,,0,,,QCC1965,2018-03-13T17:34:54.000Z,2018-03-13T20:04:31.000Z,Cell Count,2,rebecca.piercey;rachel.walker,,,,,,,,,,,,Collected,Technicianm,,1: Metadata checked by RP.
,373340,2,2018-03-13,QUADRA,HAKAI,QOMA5,3,QU39,M,50.0307000000001,-125.0992,50.03023806,-125.09857564,,0,,,QCC1966,2018-03-13T17:34:54.000Z,2018-03-13T20:04:31.000Z,Cell Count,2,rebecca.piercey;rachel.walker,,,,,,,,,,,,Collected,Technicianm,,1: Metadata checked by RP.
,373340,3,2018-03-13,QUADRA,HAKAI,QOMA5,3,QU39,M,50.0307000000001,-125.0992,50.03023806,-125.09857564,,0,,,QMIC2491,2018-03-13T17:34:54.000Z,2018-03-13T20:04:31.000Z,RNA,2000,rebecca.piercey;rachel.walker,,,,,,,,,,,,Collected,Technicianm,,1: Metadata checked by RP.
,373340,4,2018-03-13,QUADRA,HAKAI,QOMA5,3,QU39,M,50.0307000000001,-125.0992,50.03023806,-125.09857564,,0,,,QMIC2496,2018-03-13T17:34:54.000Z,2018-03-13T20:04:31.000Z,DNA,2000,rebecca.piercey;rachel.walker,2018-08-01,321.8,355.2,117,11.7,Rebecca Piercey,QUADRA MARNA LAB,,,,,Collected,Technicianm,,1: Metadata checked by RP.
,373340,1,2018-03-13,QUADRA,HAKAI,QOMA5,3,QU39,M,50.0307000000001,-125.0992,50.03023806,-125.09857564,,5,,,QCC1967,2018-03-13T17:34:54.000Z,2018-03-13T20:04:31.000Z,Cell Count,2,rebecca.piercey;rachel.walker,,,,,,,,,,,,Collected,Technicianm,,1: Metadata checked by RP.
,373340,2,2018-03-13,QUADRA,HAKAI,QOMA5,3,QU39,M,50.0307000000001,-125.0992,50.03023806,-125.09857564,,5,,,QCC1968,2018-03-13T17:34:54.000Z,2018-03-13T20:04:31.000Z,Cell Count,2,rebecca.piercey;rachel.walker,,,,,,,,,,,,Collected,Technicianm,,1: Metadata checked by RP.
,373340,3,2018-03-13,QUADRA,HAKAI,QOMA5,3,QU39,M,50.0307000000001,-125.0992,50.03023806,-125.09857564,,5,,,QMIC2492,2018-03-13T17:34:54.000Z,2018-03-13T20:04:31.000Z,RNA,2000,rebecca.piercey;rachel.walker,,,,,,,,,,,,Collected,Technicianm,,1: Metadata checked by RP.
,373340,4,2018-03-13,QUADRA,HAKAI,QOMA5,3,QU39,M,50.0307000000001,-125.0992,50.03023806,-125.09857564,,5,,,QMIC2497,2018-03-13T17:34:54.000Z,2018-03-13T20:04:31.000Z,DNA,2000,rebecca.piercey;rachel.walker,2018-08-01,216.7,256.6,191,19.1,Rebecca Piercey,QUADRA MARNA LAB,,,,,Collected,Technicianm,,1: Metadata checked by RP.
,373340,1,2018-03-13,QUADRA,HAKAI,QOMA5,3,QU39,M,50.0307000000001,-125.0992,50.03023806,-125.09857564,,10,,,QCC1969,2018-03-13T17:34:54.000Z,2018-03-13T20:04:31.000Z,Cell Count,2,rebecca.piercey;rachel.walker,,,,,,,,,,,,Collected,Technicianm,,1: Metadata checked by RP.
,373340,2,2018-03-13,QUADRA,HAKAI,QOMA5,3,QU39,M,50.0307000000001,-125.0992,50.03023806,-125.09857564,,10,,,QCC1970,2018-03-13T17:34:54.000Z,2018-03-13T20:04:31.000Z,Cell Count,2,rebecca.piercey;rachel.walker,,,,,,,,,,,,Collected,Technicianm,,1: Metadata checked by RP.
,373340,1,2018-03-13,QUADRA,HAKAI,QOMA5,3,QU39,M,50.0307000000001,-125.0992,50.03023806,-125.09857564,,30,,,QCC1971,2018-03-13T17:34:54.000Z,2018-03-13T20:04:31.000Z,Cell Count,2,rebecca.piercey;rachel.walker,,,,,,,,,,,,Collected,Technicianm,,1: Metadata checked by RP.
,373340,2,2018-03-13,QUADRA,HAKAI,QOMA5,3,QU39,M,50.0307000000001,-125.0992,50.03023806,-125.09857564,,30,,,QCC1972,2018-03-13T17:34:54.000Z,2018-03-13T20:04:31.000Z,Cell Count,2,rebecca.piercey;rachel.walker,,,,,,,,,,,,Collected,Technicianm,,1: Metadata checked by RP.
,373340,3,2018-03-13,QUADRA,HAKAI,QOMA5,3,QU39,M,50.0307000000001,-125.0992,50.03023806,-125.09857564,,30,,,QMIC2493,2018-03-13T17:34:54.000Z,2018-03-13T20:04:31.000Z,RNA,1800,rebecca.piercey;rachel.walker,,,,,,,,,,,,Collected,Technicianm,,1: Metadata checked by RP.
,373340,4,2018-03-13,QUADRA,HAKAI,QOMA5,3,QU39,M,50.0307000000001,-125.0992,50.03023806,-125.09857564,,30,,,QMIC2498,2018-03-13T17:34:54.000Z,2018-03-13T20:04:31.000Z,DNA,2000,rebecca.piercey;rachel.walker,2018-08-01,270.1,309.6,47.2,4.72,Rebecca Piercey,QUADRA MARNA LAB,,,,,Collected,Technicianm,,1: Metadata checked by RP.
,373340,1,2018-03-13,QUADRA,HAKAI,QOMA5,3,QU39,M,50.0307000000001,-125.0992,50.03023806,-125.09857564,,50,,,QCC1973,2018-03-13T17:34:54.000Z,2018-03-13T20:04:31.000Z,Cell Count,2,rebecca.piercey;rachel.walker,,,,,,,,,,,,Collected,Technicianm,,1: Metadata checked by RP.
,373340,2,2018-03-13,QUADRA,HAKAI,QOMA5,3,QU39,M,50.0307000000001,-125.0992,50.03023806,-125.09857564,,50,,,QCC1974,2018-03-13T17:34:54.000Z,2018-03-13T20:04:31.000Z,Cell Count,2,rebecca.piercey;rachel.walker,,,,,,,,,,,,Collected,Technicianm,,1: Metadata checked by RP.
,373340,1,2018-03-13,QUADRA,HAKAI,QOMA5,3,QU39,M,50.0307000000001,-125.0992,50.03023806,-125.09857564,,100,,,QCC1975,2018-03-13T17:34:54.000Z,2018-03-13T20:04:31.000Z,Cell Count,2,rebecca.piercey;rachel.walker,,,,,,,,,,,,Collected,Technicianm,,1: Metadata checked by RP.
,373340,2,2018-03-13,QUADRA,HAKAI,QOMA5,3,QU39,M,50.0307000000001,-125.0992,50.03023806,-125.09857564,,100,,,QCC1976,2018-03-13T17:34:54.000Z,2018-03-13T20:04:31.000Z,Cell Count,2,rebecca.piercey;rachel.walker,,,,,,,,,,,,Collected,Technicianm,,1: Metadata checked by RP.
,373340,3,2018-03-13,QUADRA,HAKAI,QOMA5,3,QU39,M,50.0307000000001,-125.0992,50.03023806,-125.09857564,,100,,,QMIC2494,2018-03-13T17:34:54.000Z,2018-03-13T20:04:31.000Z,RNA,1900,rebecca.piercey;rachel.walker,,,,,,,,,,,,Collected,Technicianm,,1: Metadata checked by RP.
,373340,4,2018-03-13,QUADRA,HAKAI,QOMA5,3,QU39,M,50.0307000000001,-125.0992,50.03023806,-125.09857564,,100,,,QMIC2499,2018-03-13T17:34:54.000Z,2018-03-13T20:04:31.000Z,DNA,2000,rebecca.piercey;rachel.walker,2018-08-01,326.3,368.1,28.9,2.89,Rebecca Piercey,QUADRA MARNA LAB,,,,,Collected,Technicianm,,1: Metadata checked by RP.
,373339,1,2018-03-13,QUADRA,HAKAI,QOMA5,2,QU39,M,50.0307000000001,-125.0992,50.03013749,-125.09951192,,260,,,QCC1977,2018-03-13T17:09:58.000Z,2018-03-13T19:00:37.000Z,Cell Count,2,rebecca.piercey;rachel.walker,,,,,,,,,,,,Collected,Technicianm,,1: Metadata checked by RP.
,373339,2,2018-03-13,QUADRA,HAKAI,QOMA5,2,QU39,M,50.0307000000001,-125.0992,50.03013749,-125.09951192,,260,,,QCC1978,2018-03-13T17:09:58.000Z,2018-03-13T19:00:37.000Z,Cell Count,2,rebecca.piercey;rachel.walker,,,,,,,,,,,,Collected,Technicianm,,1: Metadata checked by RP.
,373339,3,2018-03-13,QUADRA,HAKAI,QOMA5,2,QU39,M,50.0307000000001,-125.0992,50.03013749,-125.09951192,,260,,,QMIC2495,2018-03-13T17:09:58.000Z,2018-03-13T19:00:37.000Z,RNA,2000,rebecca.piercey;rachel.walker,,,,,,,,,,,,Collected,Technicianm,,1: Metadata checked by RP.
,373339,4,2018-03-13,QUADRA,HAKAI,QOMA5,2,QU39,M,50.0307000000001,-125.0992,50.03013749,-125.09951192,,260,,,QMIC2500,2018-03-13T17:09:58.000Z,2018-03-13T19:00:37.000Z,DNA,2000,rebecca.piercey;rachel.walker,2018-08-01,275.5,313.2,37.3,3.73,Rebecca Piercey,QUADRA MARNA LAB,,,,,Collected,Technicianm,,1: Metadata checked by RP.
,373954,1,2018-03-20,QUADRA,HAKAI,QOMA1,3,QU39,M,50.0307000000001,-125.0992,50.03000838,-125.09896448,,0,,,QCC1979,2018-03-20T16:57:41.000Z,2018-03-20T18:17:19.000Z,Cell Count,2,rebecca.piercey;rachel.walker,,,,,,,,,,,,Collected,Technicianm,,1: Metadata checked by RP.
,373954,2,2018-03-20,QUADRA,HAKAI,QOMA1,3,QU39,M,50.0307000000001,-125.0992,50.03000838,-125.09896448,,0,,,QCC1980,2018-03-20T16:57:41.000Z,2018-03-20T18:17:19.000Z,Cell Count,2,rebecca.piercey;rachel.walker,,,,,,,,,,,,Collected,Technicianm,,1: Metadata checked by RP.
,373954,3,2018-03-20,QUADRA,HAKAI,QOMA1,3,QU39,M,50.0307000000001,-125.0992,50.03000838,-125.09896448,,0,,,QMIC2501,2018-03-20T16:57:41.000Z,2018-03-20T18:17:19.000Z,RNA,2000,rebecca.piercey;rachel.walker,,,,,,,,,,,,Collected,Technicianm,,1: Metadata checked by RP.
,373954,4,2018-03-20,QUADRA,HAKAI,QOMA1,3,QU39,M,50.0307000000001,-125.0992,50.03000838,-125.09896448,,0,,,QMIC2506,2018-03-20T16:57:41.000Z,2018-03-20T18:17:19.000Z,DNA,2000,rebecca.piercey;rachel.walker,2018-07-11,263.9,304.3,373,37.3,Rebecca Piercey,QUADRA MARNA LAB,,,,,Collected,Technicianm,,1: lots of phytoplankton on Sterivex. quantified on 2018-07-122: Metadata checked by RP.
,373954,1,2018-03-20,QUADRA,HAKAI,QOMA1,3,QU39,M,50.0307000000001,-125.0992,50.03000838,-125.09896448,,5,4.8613773,,QCC1981,2018-03-20T16:57:41.000Z,2018-03-20T18:17:19.000Z,Cell Count,2,rebecca.piercey;rachel.walker,,,,,,,,,,,,Collected,Technicianm,,1: Metadata checked by RP.
,373954,2,2018-03-20,QUADRA,HAKAI,QOMA1,3,QU39,M,50.0307000000001,-125.0992,50.03000838,-125.09896448,,5,4.8613773,,QCC1982,2018-03-20T16:57:41.000Z,2018-03-20T18:17:19.000Z,Cell Count,2,rebecca.piercey;rachel.walker,,,,,,,,,,,,Collected,Technicianm,,1: Metadata checked by RP.
,373954,3,2018-03-20,QUADRA,HAKAI,QOMA1,3,QU39,M,50.0307000000001,-125.0992,50.03000838,-125.09896448,,5,4.8613773,,QMIC2502,2018-03-20T16:57:41.000Z,2018-03-20T18:17:19.000Z,RNA,2000,rebecca.piercey;rachel.walker,,,,,,,,,,,,Collected,Technicianm,,1: Metadata checked by RP.
,373954,4,2018-03-20,QUADRA,HAKAI,QOMA1,3,QU39,M,50.0307000000001,-125.0992,50.03000838,-125.09896448,,5,4.8613773,,QMIC2507,2018-03-20T16:57:41.000Z,2018-03-20T18:17:19.000Z,DNA,1800,rebecca.piercey;rachel.walker,2018-07-11,247,269.2,600,60,Rebecca Piercey,QUADRA MARNA LAB,,,,,Collected,Technicianm,,1: lots of phytoplankton on Sterivex. quantified on 2018-07-122: Metadata checked by RP.
,373954,1,2018-03-20,QUADRA,HAKAI,QOMA1,3,QU39,M,50.0307000000001,-125.0992,50.03000838,-125.09896448,,10,9.9184021,,QCC1983,2018-03-20T16:57:41.000Z,2018-03-20T18:17:19.000Z,Cell Count,2,rebecca.piercey;rachel.walker,,,,,,,,,,,,Collected,Technicianm,,1: Metadata checked by RP.
,373954,2,2018-03-20,QUADRA,HAKAI,QOMA1,3,QU39,M,50.0307000000001,-125.0992,50.03000838,-125.09896448,,10,9.9184021,,QCC1984,2018-03-20T16:57:41.000Z,2018-03-20T18:17:19.000Z,Cell Count,2,rebecca.piercey;rachel.walker,,,,,,,,,,,,Collected,Technicianm,,1: Metadata checked by RP.
,373954,1,2018-03-20,QUADRA,HAKAI,QOMA1,3,QU39,M,50.0307000000001,-125.0992,50.03000838,-125.09896448,,30,29.193887,,QCC1985,2018-03-20T16:57:41.000Z,2018-03-20T18:17:19.000Z,Cell Count,2,rebecca.piercey;rachel.walker,,,,,,,,,,,,Collected,Technicianm,,1: Metadata checked by RP.
,373954,2,2018-03-20,QUADRA,HAKAI,QOMA1,3,QU39,M,50.0307000000001,-125.0992,50.03000838,-125.09896448,,30,29.193887,,QCC1986,2018-03-20T16:57:41.000Z,2018-03-20T18:17:19.000Z,Cell Count,2,rebecca.piercey;rachel.walker,,,,,,,,,,,,Collected,Technicianm,,1: Metadata checked by RP.
,373954,3,2018-03-20,QUADRA,HAKAI,QOMA1,3,QU39,M,50.0307000000001,-125.0992,50.03000838,-125.09896448,,30,29.193887,,QMIC2503,2018-03-20T16:57:41.000Z,2018-03-20T18:17:19.000Z,RNA,2000,rebecca.piercey;rachel.walker,,,,,,,,,,,,Collected,Technicianm,,1: Metadata checked by RP.
,373954,4,2018-03-20,QUADRA,HAKAI,QOMA1,3,QU39,M,50.0307000000001,-125.0992,50.03000838,-125.09896448,,30,29.193887,,QMIC2508,2018-03-20T16:57:41.000Z,2018-03-20T18:17:19.000Z,DNA,2000,rebecca.piercey;rachel.walker,2018-07-11,176.3,210.8,119,11.9,Rebecca Piercey,QUADRA MARNA LAB,,,,,Collected,Technicianm,,1: Metadata checked by RP.2: quantified on 2018-07-12
,373954,1,2018-03-20,QUADRA,HAKAI,QOMA1,3,QU39,M,50.0307000000001,-125.0992,50.03000838,-125.09896448,,50,48.0246935,,QCC1987,2018-03-20T16:57:41.000Z,2018-03-20T18:17:19.000Z,Cell Count,2,rebecca.piercey;rachel.walker,,,,,,,,,,,,Collected,Technicianm,,1: Metadata checked by RP.
,373954,2,2018-03-20,QUADRA,HAKAI,QOMA1,3,QU39,M,50.0307000000001,-125.0992,50.03000838,-125.09896448,,50,48.0246935,,QCC1988,2018-03-20T16:57:41.000Z,2018-03-20T18:17:19.000Z,Cell Count,2,rebecca.piercey;rachel.walker,,,,,,,,,,,,Collected,Technicianm,,1: Metadata checked by RP.
,373954,1,2018-03-20,QUADRA,HAKAI,QOMA1,3,QU39,M,50.0307000000001,-125.0992,50.03000838,-125.09896448,,100,98.4109359,,QCC1989,2018-03-20T16:57:41.000Z,2018-03-20T18:17:19.000Z,Cell Count,2,rebecca.piercey;rachel.walker,,,,,,,,,,,,Collected,Technicianm,,1: Metadata checked by RP.
,373954,2,2018-03-20,QUADRA,HAKAI,QOMA1,3,QU39,M,50.0307000000001,-125.0992,50.03000838,-125.09896448,,100,98.4109359,,QCC1990,2018-03-20T16:57:41.000Z,2018-03-20T18:17:19.000Z,Cell Count,2,rebecca.piercey;rachel.walker,,,,,,,,,,,,Collected,Technicianm,,1: Metadata checked by RP.
,373954,3,2018-03-20,QUADRA,HAKAI,QOMA1,3,QU39,M,50.0307000000001,-125.0992,50.03000838,-125.09896448,,100,98.4109359,,QMIC2504,2018-03-20T16:57:41.000Z,2018-03-20T18:17:19.000Z,RNA,2000,rebecca.piercey;rachel.walker,,,,,,,,,,,,Collected,Technicianm,,1: Metadata checked by RP.
,373954,4,2018-03-20,QUADRA,HAKAI,QOMA1,3,QU39,M,50.0307000000001,-125.0992,50.03000838,-125.09896448,,100,98.4109359,,QMIC2509,2018-03-20T16:57:41.000Z,2018-03-20T18:17:19.000Z,DNA,1900,rebecca.piercey;rachel.walker,2018-07-11,172.4,198.9,78.8,7.88,Rebecca Piercey,QUADRA MARNA LAB,,,,,Collected,Technicianm,,1: Metadata checked by RP.2: quantified on 2018-07-12
,373953,1,2018-03-20,QUADRA,HAKAI,QOMA1,2,QU39,M,50.0307000000001,-125.0992,50.03001372,-125.09799828,,260,257.2704303,,QCC1991,2018-03-20T16:23:34.000Z,2018-03-20T16:48:50.000Z,Cell Count,2,rebecca.piercey;rachel.walker,,,,,,,,,,,,Collected,Technicianm,,1: Metadata checked by RP.2: Surface water collected in two 5L busking instead of one 10-12L.
,373953,2,2018-03-20,QUADRA,HAKAI,QOMA1,2,QU39,M,50.0307000000001,-125.0992,50.03001372,-125.09799828,,260,257.2704303,,QCC1992,2018-03-20T16:23:34.000Z,2018-03-20T16:48:50.000Z,Cell Count,2,rebecca.piercey;rachel.walker,,,,,,,,,,,,Collected,Technicianm,,1: Metadata checked by RP.2: Surface water collected in two 5L busking instead of one 10-12L.
,373953,3,2018-03-20,QUADRA,HAKAI,QOMA1,2,QU39,M,50.0307000000001,-125.0992,50.03001372,-125.09799828,,260,257.2704303,,QMIC2505,2018-03-20T16:23:34.000Z,2018-03-20T16:48:50.000Z,RNA,2000,rebecca.piercey;rachel.walker,,,,,,,,,,,,Collected,Technicianm,,1: Metadata checked by RP.2: Surface water collected in two 5L busking instead of one 10-12L.
,373953,4,2018-03-20,QUADRA,HAKAI,QOMA1,2,QU39,M,50.0307000000001,-125.0992,50.03001372,-125.09799828,,260,257.2704303,,QMIC2510,2018-03-20T16:23:34.000Z,2018-03-20T16:48:50.000Z,DNA,2000,rebecca.piercey;rachel.walker,2018-07-11,178.2,213.3,51.4,5.14,Rebecca Piercey,QUADRA MARNA LAB,,,,,Collected,Technicianm,,1: Metadata checked by RP.2: quantified on 2018-07-123: Surface water collected in two 5L busking instead of one 10-12L.
,374714,1,2018-03-27,QUADRA,HAKAI,QOMA5,3,QU39,M,50.0307000000001,-125.0992,,,,0,,,QCC1993,2018-03-27T17:16:10.000Z,2018-03-27T20:18:22.000Z,Cell Count,2,rebecca.piercey;rachel.walker;eva.jordison,,,,,,,,,,,,Collected,Technicianm,,1: Metadata checked by RP.
,374714,2,2018-03-27,QUADRA,HAKAI,QOMA5,3,QU39,M,50.0307000000001,-125.0992,,,,0,,,QCC1994,2018-03-27T17:16:10.000Z,2018-03-27T20:18:22.000Z,Cell Count,2,rebecca.piercey;rachel.walker;eva.jordison,,,,,,,,,,,,Collected,Technicianm,,1: Metadata checked by RP.
,374714,3,2018-03-27,QUADRA,HAKAI,QOMA5,3,QU39,M,50.0307000000001,-125.0992,,,,0,,,QMIC2511,2018-03-27T17:16:10.000Z,2018-03-27T20:18:22.000Z,RNA,2000,rebecca.piercey;rachel.walker;eva.jordison,,,,,,,,,,,,Collected,Technicianm,,1: Metadata checked by RP.
,374714,4,2018-03-27,QUADRA,HAKAI,QOMA5,3,QU39,M,50.0307000000001,-125.0992,,,,0,,,QMIC2516,2018-03-27T17:16:10.000Z,2018-03-27T20:18:22.000Z,DNA,2000,rebecca.piercey;rachel.walker;eva.jordison,2018-06-27,209.6,244.7,230,23,Rebecca Piercey,QUADRA MARNA LAB,,,,,Collected,Technicianm,,1: Metadata checked by RP.2: quantified 2018-06-29
,374714,1,2018-03-27,QUADRA,HAKAI,QOMA5,3,QU39,M,50.0307000000001,-125.0992,,,,5,4.9168128,,QCC1995,2018-03-27T17:16:10.000Z,2018-03-27T20:18:22.000Z,Cell Count,2,rebecca.piercey;rachel.walker;eva.jordison,,,,,,,,,,,,Collected,Technicianm,,1: Metadata checked by RP.
,374714,2,2018-03-27,QUADRA,HAKAI,QOMA5,3,QU39,M,50.0307000000001,-125.0992,,,,5,4.9168128,,QCC1996,2018-03-27T17:16:10.000Z,2018-03-27T20:18:22.000Z,Cell Count,2,rebecca.piercey;rachel.walker;eva.jordison,,,,,,,,,,,,Collected,Technicianm,,1: Metadata checked by RP.
,374714,3,2018-03-27,QUADRA,HAKAI,QOMA5,3,QU39,M,50.0307000000001,-125.0992,,,,5,4.9168128,,QMIC2512,2018-03-27T17:16:10.000Z,2018-03-27T20:18:22.000Z,RNA,2000,rebecca.piercey;rachel.walker;eva.jordison,,,,,,,,,,,,Collected,Technicianm,,1: Metadata checked by RP.
,374714,4,2018-03-27,QUADRA,HAKAI,QOMA5,3,QU39,M,50.0307000000001,-125.0992,,,,5,4.9168128,,QMIC2517,2018-03-27T17:16:10.000Z,2018-03-27T20:18:22.000Z,DNA,2000,rebecca.piercey;rachel.walker;eva.jordison,2018-06-28,204.4,254.4,259,25.9,Rebecca Piercey,QUADRA MARNA LAB,,,,,Collected,Technicianm,,1: Metadata checked by RP.2: quantified 2018-06-29
,374714,1,2018-03-27,QUADRA,HAKAI,QOMA5,3,QU39,M,50.0307000000001,-125.0992,,,,10,,,QCC1997,2018-03-27T17:16:10.000Z,2018-03-27T20:18:22.000Z,Cell Count,2,rebecca.piercey;rachel.walker;eva.jordison,,,,,,,,,,,,Collected,Technicianm,,1: Metadata checked by RP.
,374714,2,2018-03-27,QUADRA,HAKAI,QOMA5,3,QU39,M,50.0307000000001,-125.0992,,,,10,,,QCC1998,2018-03-27T17:16:10.000Z,2018-03-27T20:18:22.000Z,Cell Count,2,rebecca.piercey;rachel.walker;eva.jordison,,,,,,,,,,,,Collected,Technicianm,,1: Metadata checked by RP.
,374714,1,2018-03-27,QUADRA,HAKAI,QOMA5,3,QU39,M,50.0307000000001,-125.0992,,,,30,29.2953453,,QCC1999,2018-03-27T17:16:10.000Z,2018-03-27T20:18:22.000Z,Cell Count,2,rebecca.piercey;rachel.walker;eva.jordison,,,,,,,,,,,,Collected,Technicianm,,1: Metadata checked by RP.
,374714,2,2018-03-27,QUADRA,HAKAI,QOMA5,3,QU39,M,50.0307000000001,-125.0992,,,,30,29.2953453,,QCC2000,2018-03-27T17:16:10.000Z,2018-03-27T20:18:22.000Z,Cell Count,2,rebecca.piercey;rachel.walker;eva.jordison,,,,,,,,,,,,Collected,Technicianm,,1: Metadata checked by RP.
,374714,3,2018-03-27,QUADRA,HAKAI,QOMA5,3,QU39,M,50.0307000000001,-125.0992,,,,30,29.2953453,,QMIC2513,2018-03-27T17:16:10.000Z,2018-03-27T20:18:22.000Z,RNA,2000,rebecca.piercey;rachel.walker;eva.jordison,,,,,,,,,,,,Collected,Technicianm,,1: Metadata checked by RP.
,374714,4,2018-03-27,QUADRA,HAKAI,QOMA5,3,QU39,M,50.0307000000001,-125.0992,,,,30,29.2953453,,QMIC2518,2018-03-27T17:16:10.000Z,2018-03-27T20:18:22.000Z,DNA,2000,rebecca.piercey;rachel.walker;eva.jordison,2018-06-28,181.8,231.8,317,31.7,Rebecca Piercey,QUADRA MARNA LAB,,,,,Collected,Technicianm,,1: Metadata checked by RP.2: quantified 2018-06-29
,374714,1,2018-03-27,QUADRA,HAKAI,QOMA5,3,QU39,M,50.0307000000001,-125.0992,,,,50,,,QCC2001,2018-03-27T17:16:10.000Z,2018-03-27T20:18:22.000Z,Cell Count,2,rebecca.piercey;rachel.walker;eva.jordison,,,,,,,,,,,,Collected,Technicianm,,1: Metadata checked by RP.
,374714,2,2018-03-27,QUADRA,HAKAI,QOMA5,3,QU39,M,50.0307000000001,-125.0992,,,,50,,,QCC2002,2018-03-27T17:16:10.000Z,2018-03-27T20:18:22.000Z,Cell Count,2,rebecca.piercey;rachel.walker;eva.jordison,,,,,,,,,,,,Collected,Technicianm,,1: Metadata checked by RP.
,374714,1,2018-03-27,QUADRA,HAKAI,QOMA5,3,QU39,M,50.0307000000001,-125.0992,,,,100,98.5217369,,QCC2003,2018-03-27T17:16:10.000Z,2018-03-27T20:18:22.000Z,Cell Count,2,rebecca.piercey;rachel.walker;eva.jordison,,,,,,,,,,,,Collected,Technicianm,,1: Metadata checked by RP.
,374714,2,2018-03-27,QUADRA,HAKAI,QOMA5,3,QU39,M,50.0307000000001,-125.0992,,,,100,98.5217369,,QCC2004,2018-03-27T17:16:10.000Z,2018-03-27T20:18:22.000Z,Cell Count,2,rebecca.piercey;rachel.walker;eva.jordison,,,,,,,,,,,,Collected,Technicianm,,1: Metadata checked by RP.
,374714,3,2018-03-27,QUADRA,HAKAI,QOMA5,3,QU39,M,50.0307000000001,-125.0992,,,,100,98.5217369,,QMIC2514,2018-03-27T17:16:10.000Z,2018-03-27T20:18:22.000Z,RNA,2000,rebecca.piercey;rachel.walker;eva.jordison,,,,,,,,,,,,Collected,Technicianm,,1: Metadata checked by RP.
,374714,4,2018-03-27,QUADRA,HAKAI,QOMA5,3,QU39,M,50.0307000000001,-125.0992,,,,100,98.5217369,,QMIC2519,2018-03-27T17:16:10.000Z,2018-03-27T20:18:22.000Z,DNA,2000,rebecca.piercey;rachel.walker;eva.jordison,2018-06-28,205.8,251.6,115,11.5,Rebecca Piercey,QUADRA MARNA LAB,,,,,Collected,Technicianm,,1: Metadata checked by RP.2: quantified 2018-06-29
,374713,1,2018-03-27,QUADRA,HAKAI,QOMA5,2,QU39,M,50.0307000000001,-125.0992,50.03079497,-125.10435992,,260,250.2119814,,QCC2005,2018-03-27T16:43:04.000Z,2018-03-27T19:41:51.000Z,Cell Count,2,rebecca.piercey;rachel.walker;eva.jordison,,,,,,,,,,,,Collected,Technicianm,,1: Metadata checked by RP.
,374713,2,2018-03-27,QUADRA,HAKAI,QOMA5,2,QU39,M,50.0307000000001,-125.0992,50.03079497,-125.10435992,,260,250.2119814,,QCC2006,2018-03-27T16:43:04.000Z,2018-03-27T19:41:51.000Z,Cell Count,2,rebecca.piercey;rachel.walker;eva.jordison,,,,,,,,,,,,Collected,Technicianm,,1: Metadata checked by RP.
,374713,3,2018-03-27,QUADRA,HAKAI,QOMA5,2,QU39,M,50.0307000000001,-125.0992,50.03079497,-125.10435992,,260,250.2119814,,QMIC2515,2018-03-27T16:43:04.000Z,2018-03-27T19:41:51.000Z,RNA,2000,rebecca.piercey;rachel.walker;eva.jordison,,,,,,,,,,,,Collected,Technicianm,,1: Metadata checked by RP.
,374713,4,2018-03-27,QUADRA,HAKAI,QOMA5,2,QU39,M,50.0307000000001,-125.0992,50.03079497,-125.10435992,,260,250.2119814,,QMIC2520,2018-03-27T16:43:04.000Z,2018-03-27T19:41:51.000Z,DNA,2000,rebecca.piercey;rachel.walker;eva.jordison,2018-06-28,245.2,295.2,38.6,3.86,Rebecca Piercey,QUADRA MARNA LAB,,,,,Collected,Technicianm,,1: Metadata checked by RP.2: quantified 2018-06-29
,376162,1,2018-04-04,QUADRA,HAKAI,QOMA5,3,QU39,M,50.0307000000001,-125.0992,,,,0,,,QM706,2018-04-04T18:15:50.000Z,2018-04-04T22:16:26.000Z,RNA,0,rebecca.piercey;rachel.walker;Chris O,,,,,,,,,,,,Not Available,Technicianm,,1: Drop 3 did not happen due to high seas and deteriorating weather2: Metadata checked by RP.
,376162,2,2018-04-04,QUADRA,HAKAI,QOMA5,3,QU39,M,50.0307000000001,-125.0992,,,,0,,,QM707,2018-04-04T18:15:50.000Z,2018-04-04T22:16:26.000Z,Cell Count,0,rebecca.piercey;rachel.walker;Chris O,,,,,,,,,,,,Not Available,Technicianm,,1: Drop 3 did not happen due to high seas and deteriorating weather2: Metadata checked by RP.
,376162,3,2018-04-04,QUADRA,HAKAI,QOMA5,3,QU39,M,50.0307000000001,-125.0992,,,,0,,,QM709,2018-04-04T18:15:50.000Z,2018-04-04T22:16:26.000Z,Cell Count,0,rebecca.piercey;rachel.walker;Chris O,,,,,,,,,,,,Not Available,Technicianm,,1: Drop 3 did not happen due to high seas and deteriorating weather2: Metadata checked by RP.
,376162,4,2018-04-04,QUADRA,HAKAI,QOMA5,3,QU39,M,50.0307000000001,-125.0992,,,,0,,,QM739,2018-04-04T18:15:50.000Z,2018-04-04T22:16:26.000Z,DNA,0,rebecca.piercey;rachel.walker;Chris O,,,,,,,,,,,,Not Available,Technicianm,,1: Drop 3 did not happen due to high seas and deteriorating weather2: Manually added this metadata during QC. Metadata checked by RP.
,376162,1,2018-04-04,QUADRA,HAKAI,QOMA5,3,QU39,M,50.0307000000001,-125.0992,,,,5,,,QM710,2018-04-04T18:15:50.000Z,2018-04-04T22:16:26.000Z,RNA,0,rebecca.piercey;rachel.walker;Chris O,,,,,,,,,,,,Not Available,Technicianm,,1: Drop 3 did not happen due to high seas and deteriorating weather2: Metadata checked by RP.
,376162,2,2018-04-04,QUADRA,HAKAI,QOMA5,3,QU39,M,50.0307000000001,-125.0992,,,,5,,,QM711,2018-04-04T18:15:50.000Z,2018-04-04T22:16:26.000Z,DNA,0,rebecca.piercey;rachel.walker;Chris O,,,,,,,,,,,,Not Available,Technicianm,,1: Drop 3 did not happen due to high seas and deteriorating weather2: Metadata checked by RP.
,376162,3,2018-04-04,QUADRA,HAKAI,QOMA5,3,QU39,M,50.0307000000001,-125.0992,,,,5,,,QM712,2018-04-04T18:15:50.000Z,2018-04-04T22:16:26.000Z,Cell Count,0,rebecca.piercey;rachel.walker;Chris O,,,,,,,,,,,,Not Available,Technicianm,,1: Drop 3 did not happen due to high seas and deteriorating weather2: Metadata checked by RP.
,376162,4,2018-04-04,QUADRA,HAKAI,QOMA5,3,QU39,M,50.0307000000001,-125.0992,,,,5,,,QM713,2018-04-04T18:15:50.000Z,2018-04-04T22:16:26.000Z,Cell Count,0,rebecca.piercey;rachel.walker;Chris O,,,,,,,,,,,,Not Available,Technicianm,,1: Drop 3 did not happen due to high seas and deteriorating weather2: Metadata checked by RP.
,376162,1,2018-04-04,QUADRA,HAKAI,QOMA5,3,QU39,M,50.0307000000001,-125.0992,,,,10,,,QM714,2018-04-04T18:15:50.000Z,2018-04-04T22:16:26.000Z,Cell Count,0,rebecca.piercey;rachel.walker;Chris O,,,,,,,,,,,,Not Available,Technicianm,,1: Drop 3 did not happen due to high seas and deteriorating weather2: Metadata checked by RP.
,376162,2,2018-04-04,QUADRA,HAKAI,QOMA5,3,QU39,M,50.0307000000001,-125.0992,,,,10,,,QM715,2018-04-04T18:15:50.000Z,2018-04-04T22:16:26.000Z,Cell Count,0,rebecca.piercey;rachel.walker;Chris O,,,,,,,,,,,,Not Available,Technicianm,,1: Drop 3 did not happen due to high seas and deteriorating weather2: Metadata checked by RP.
,376162,1,2018-04-04,QUADRA,HAKAI,QOMA5,3,QU39,M,50.0307000000001,-125.0992,,,,30,,,QM716,2018-04-04T18:15:50.000Z,2018-04-04T22:16:26.000Z,RNA,0,rebecca.piercey;rachel.walker;Chris O,,,,,,,,,,,,Not Available,Technicianm,,1: Drop 3 did not happen due to high seas and deteriorating weather2: Metadata checked by RP.
,376162,2,2018-04-04,QUADRA,HAKAI,QOMA5,3,QU39,M,50.0307000000001,-125.0992,,,,30,,,QM717,2018-04-04T18:15:50.000Z,2018-04-04T22:16:26.000Z,DNA,0,rebecca.piercey;rachel.walker;Chris O,,,,,,,,,,,,Not Available,Technicianm,,1: Drop 3 did not happen due to high seas and deteriorating weather2: Metadata checked by RP.
,376162,3,2018-04-04,QUADRA,HAKAI,QOMA5,3,QU39,M,50.0307000000001,-125.0992,,,,30,,,QM718,2018-04-04T18:15:50.000Z,2018-04-04T22:16:26.000Z,Cell Count,0,rebecca.piercey;rachel.walker;Chris O,,,,,,,,,,,,Not Available,Technicianm,,1: Drop 3 did not happen due to high seas and deteriorating weather2: Metadata checked by RP.
,376162,4,2018-04-04,QUADRA,HAKAI,QOMA5,3,QU39,M,50.0307000000001,-125.0992,,,,30,,,QM719,2018-04-04T18:15:50.000Z,2018-04-04T22:16:26.000Z,Cell Count,0,rebecca.piercey;rachel.walker;Chris O,,,,,,,,,,,,Not Available,Technicianm,,1: Drop 3 did not happen due to high seas and deteriorating weather2: Metadata checked by RP.
,376162,1,2018-04-04,QUADRA,HAKAI,QOMA5,3,QU39,M,50.0307000000001,-125.0992,,,,50,,,QM720,2018-04-04T18:15:50.000Z,2018-04-04T22:16:26.000Z,Cell Count,0,rebecca.piercey;rachel.walker;Chris O,,,,,,,,,,,,Not Available,Technicianm,,1: Drop 3 did not happen due to high seas and deteriorating weather2: Metadata checked by RP.
,376162,2,2018-04-04,QUADRA,HAKAI,QOMA5,3,QU39,M,50.0307000000001,-125.0992,,,,50,,,QM721,2018-04-04T18:15:50.000Z,2018-04-04T22:16:26.000Z,Cell Count,0,rebecca.piercey;rachel.walker;Chris O,,,,,,,,,,,,Not Available,Technicianm,,1: Drop 3 did not happen due to high seas and deteriorating weather2: Metadata checked by RP.
,376162,1,2018-04-04,QUADRA,HAKAI,QOMA5,3,QU39,M,50.0307000000001,-125.0992,,,,100,,,QM722,2018-04-04T18:15:50.000Z,2018-04-04T22:16:26.000Z,RNA,0,rebecca.piercey;rachel.walker;Chris O,,,,,,,,,,,,Not Available,Technicianm,,1: Drop 3 did not happen due to high seas and deteriorating weather2: Metadata checked by RP.
,376162,2,2018-04-04,QUADRA,HAKAI,QOMA5,3,QU39,M,50.0307000000001,-125.0992,,,,100,,,QM723,2018-04-04T18:15:50.000Z,2018-04-04T22:16:26.000Z,DNA,0,rebecca.piercey;rachel.walker;Chris O,,,,,,,,,,,,Not Available,Technicianm,,1: Drop 3 did not happen due to high seas and deteriorating weather2: Metadata checked by RP.
,376162,3,2018-04-04,QUADRA,HAKAI,QOMA5,3,QU39,M,50.0307000000001,-125.0992,,,,100,,,QM724,2018-04-04T18:15:50.000Z,2018-04-04T22:16:26.000Z,Cell Count,0,rebecca.piercey;rachel.walker;Chris O,,,,,,,,,,,,Not Available,Technicianm,,1: Drop 3 did not happen due to high seas and deteriorating weather2: Metadata checked by RP.
,376162,4,2018-04-04,QUADRA,HAKAI,QOMA5,3,QU39,M,50.0307000000001,-125.0992,,,,100,,,QM725,2018-04-04T18:15:50.000Z,2018-04-04T22:16:26.000Z,Cell Count,0,rebecca.piercey;rachel.walker;Chris O,,,,,,,,,,,,Not Available,Technicianm,,1: Drop 3 did not happen due to high seas and deteriorating weather2: Metadata checked by RP.
,376161,1,2018-04-04,QUADRA,HAKAI,QOMA5,2,QU39,M,50.0307000000001,-125.0992,50.02838758,-125.09803802,,260,243.9163563,,QCC2019,2018-04-04T16:36:22.000Z,2018-04-04T18:35:40.000Z,Cell Count,2,rebecca.piercey;rachel.walker;Chris O,,,,,,,,,,,,Collected,Technicianm,,1: Metadata checked by RP.
,376161,2,2018-04-04,QUADRA,HAKAI,QOMA5,2,QU39,M,50.0307000000001,-125.0992,50.02838758,-125.09803802,,260,243.9163563,,QCC2020,2018-04-04T16:36:22.000Z,2018-04-04T18:35:40.000Z,Cell Count,2,rebecca.piercey;rachel.walker;Chris O,,,,,,,,,,,,Collected,Technicianm,,1: Metadata checked by RP.
,376161,3,2018-04-04,QUADRA,HAKAI,QOMA5,2,QU39,M,50.0307000000001,-125.0992,50.02838758,-125.09803802,,260,243.9163563,,QMIC2525,2018-04-04T16:36:22.000Z,2018-04-04T18:35:40.000Z,RNA,2000,rebecca.piercey;rachel.walker;Chris O,,,,,,,,,,,,Collected,Technicianm,,1: Metadata checked by RP.
,376161,4,2018-04-04,QUADRA,HAKAI,QOMA5,2,QU39,M,50.0307000000001,-125.0992,50.02838758,-125.09803802,,260,243.9163563,,QMIC2530,2018-04-04T16:36:22.000Z,2018-04-04T18:35:40.000Z,DNA,2000,rebecca.piercey;rachel.walker;Chris O,2018-07-09,221.2,249.9,75.4,7.54,Rebecca Piercey,QUADRA MARNA LAB,,,,,Collected,Technicianm,,1: Metadata checked by RP.2: quantified on 2018-07-10
,377549,1,2018-04-12,QUADRA,HAKAI,QOMA4,3,QU39,M,50.0307000000001,-125.0992,50.0309598,-125.09867881,,0,,,QCC2007,2018-04-12T17:31:02.000Z,2018-04-12T17:45:03.000Z,Cell Count,2,rebecca.piercey;rachel.walker,,,,,,,,,,,,Collected,Technicianm,,1: Event Metada Qced by EJ2: Metadata checked by RP.
,377549,2,2018-04-12,QUADRA,HAKAI,QOMA4,3,QU39,M,50.0307000000001,-125.0992,50.0309598,-125.09867881,,0,,,QCC2008,2018-04-12T17:31:02.000Z,2018-04-12T17:45:03.000Z,Cell Count,2,rebecca.piercey;rachel.walker,,,,,,,,,,,,Collected,Technicianm,,1: Event Metada Qced by EJ2: Metadata checked by RP.
,377549,3,2018-04-12,QUADRA,HAKAI,QOMA4,3,QU39,M,50.0307000000001,-125.0992,50.0309598,-125.09867881,,0,,,QM727,2018-04-12T17:31:02.000Z,2018-04-12T17:45:03.000Z,RNA,0,rebecca.piercey;rachel.walker,,,,,,,,,,,,Collected,Technicianm,,1: Event Metada Qced by EJ2: Metadata checked by RP.
,377549,4,2018-04-12,QUADRA,HAKAI,QOMA4,3,QU39,M,50.0307000000001,-125.0992,50.0309598,-125.09867881,,0,,,QMIC2526,2018-04-12T17:31:02.000Z,2018-04-12T17:45:03.000Z,DNA,2000,rebecca.piercey;rachel.walker,2018-07-09,265.5,294.2,288,28.8,Rebecca Piercey,QUADRA MARNA LAB,,,,,Collected,Technicianm,,1: Event Metada Qced by EJ2: Metadata checked by RP.3: quantified on 2018-07-10
,377549,1,2018-04-12,QUADRA,HAKAI,QOMA4,3,QU39,M,50.0307000000001,-125.0992,50.0309598,-125.09867881,,5,4.6372066,,QCC2009,2018-04-12T17:31:02.000Z,2018-04-12T17:45:03.000Z,Cell Count,2,rebecca.piercey;rachel.walker,,,,,,,,,,,,Collected,Technicianm,,1: Event Metada Qced by EJ2: Metadata checked by RP.
,377549,2,2018-04-12,QUADRA,HAKAI,QOMA4,3,QU39,M,50.0307000000001,-125.0992,50.0309598,-125.09867881,,5,4.6372066,,QCC2010,2018-04-12T17:31:02.000Z,2018-04-12T17:45:03.000Z,Cell Count,2,rebecca.piercey;rachel.walker,,,,,,,,,,,,Collected,Technicianm,,1: Event Metada Qced by EJ2: Metadata checked by RP.
,377549,3,2018-04-12,QUADRA,HAKAI,QOMA4,3,QU39,M,50.0307000000001,-125.0992,50.0309598,-125.09867881,,5,4.6372066,,QM728,2018-04-12T17:31:02.000Z,2018-04-12T17:45:03.000Z,RNA,0,rebecca.piercey;rachel.walker,,,,,,,,,,,,Collected,Technicianm,,1: Event Metada Qced by EJ2: Metadata checked by RP.
,377549,4,2018-04-12,QUADRA,HAKAI,QOMA4,3,QU39,M,50.0307000000001,-125.0992,50.0309598,-125.09867881,,5,4.6372066,,QMIC2527,2018-04-12T17:31:02.000Z,2018-04-12T17:45:03.000Z,DNA,2000,rebecca.piercey;rachel.walker,2018-07-09,227.8,264.1,288,28.8,Rebecca Piercey,QUADRA MARNA LAB,,,,,Collected,Technicianm,,1: Event Metada Qced by EJ2: Metadata checked by RP.3: quantified on 2018-07-10
,377549,1,2018-04-12,QUADRA,HAKAI,QOMA4,3,QU39,M,50.0307000000001,-125.0992,50.0309598,-125.09867881,,10,10.8836424,,QCC2011,2018-04-12T17:31:02.000Z,2018-04-12T17:45:03.000Z,Cell Count,2,rebecca.piercey;rachel.walker,,,,,,,,,,,,Collected,Technicianm,,1: Event Metada Qced by EJ2: Metadata checked by RP.
,377549,2,2018-04-12,QUADRA,HAKAI,QOMA4,3,QU39,M,50.0307000000001,-125.0992,50.0309598,-125.09867881,,10,10.8836424,,QCC2012,2018-04-12T17:31:02.000Z,2018-04-12T17:45:03.000Z,Cell Count,2,rebecca.piercey;rachel.walker,,,,,,,,,,,,Collected,Technicianm,,1: Event Metada Qced by EJ2: Metadata checked by RP.
,377549,1,2018-04-12,QUADRA,HAKAI,QOMA4,3,QU39,M,50.0307000000001,-125.0992,50.0309598,-125.09867881,,30,30.2630113,,QCC2013,2018-04-12T17:31:02.000Z,2018-04-12T17:45:03.000Z,Cell Count,2,rebecca.piercey;rachel.walker,,,,,,,,,,,,Collected,Technicianm,,1: Event Metada Qced by EJ2: Metadata checked by RP.
,377549,2,2018-04-12,QUADRA,HAKAI,QOMA4,3,QU39,M,50.0307000000001,-125.0992,50.0309598,-125.09867881,,30,30.2630113,,QCC2014,2018-04-12T17:31:02.000Z,2018-04-12T17:45:03.000Z,Cell Count,2,rebecca.piercey;rachel.walker,,,,,,,,,,,,Collected,Technicianm,,1: Event Metada Qced by EJ2: Metadata checked by RP.
,377549,3,2018-04-12,QUADRA,HAKAI,QOMA4,3,QU39,M,50.0307000000001,-125.0992,50.0309598,-125.09867881,,30,30.2630113,,QM729,2018-04-12T17:31:02.000Z,2018-04-12T17:45:03.000Z,RNA,0,rebecca.piercey;rachel.walker,,,,,,,,,,,,Collected,Technicianm,,1: Event Metada Qced by EJ2: Metadata checked by RP.
,377549,4,2018-04-12,QUADRA,HAKAI,QOMA4,3,QU39,M,50.0307000000001,-125.0992,50.0309598,-125.09867881,,30,30.2630113,,QMIC2528,2018-04-12T17:31:02.000Z,2018-04-12T17:45:03.000Z,DNA,2000,rebecca.piercey;rachel.walker,2018-07-09,227.6,277.8,287,28.7,Rebecca Piercey,QUADRA MARNA LAB,,,,,Collected,Technicianm,,1: Event Metada Qced by EJ2: Metadata checked by RP.3: quantified on 2018-07-10
,377549,1,2018-04-12,QUADRA,HAKAI,QOMA4,3,QU39,M,50.0307000000001,-125.0992,50.0309598,-125.09867881,,50,49.0955393,,QCC2015,2018-04-12T17:31:02.000Z,2018-04-12T17:45:03.000Z,Cell Count,2,rebecca.piercey;rachel.walker,,,,,,,,,,,,Collected,Technicianm,,1: Event Metada Qced by EJ2: Metadata checked by RP.
,377549,2,2018-04-12,QUADRA,HAKAI,QOMA4,3,QU39,M,50.0307000000001,-125.0992,50.0309598,-125.09867881,,50,49.0955393,,QCC2016,2018-04-12T17:31:02.000Z,2018-04-12T17:45:03.000Z,Cell Count,2,rebecca.piercey;rachel.walker,,,,,,,,,,,,Collected,Technicianm,,1: Event Metada Qced by EJ2: Metadata checked by RP.
,377549,1,2018-04-12,QUADRA,HAKAI,QOMA4,3,QU39,M,50.0307000000001,-125.0992,50.0309598,-125.09867881,,100,100.0005786,,QCC2017,2018-04-12T17:31:02.000Z,2018-04-12T17:45:03.000Z,Cell Count,2,rebecca.piercey;rachel.walker,,,,,,,,,,,,Collected,Technicianm,,1: Event Metada Qced by EJ2: Metadata checked by RP.
,377549,2,2018-04-12,QUADRA,HAKAI,QOMA4,3,QU39,M,50.0307000000001,-125.0992,50.0309598,-125.09867881,,100,100.0005786,,QCC2018,2018-04-12T17:31:02.000Z,2018-04-12T17:45:03.000Z,Cell Count,2,rebecca.piercey;rachel.walker,,,,,,,,,,,,Collected,Technicianm,,1: Event Metada Qced by EJ2: Metadata checked by RP.
,377549,3,2018-04-12,QUADRA,HAKAI,QOMA4,3,QU39,M,50.0307000000001,-125.0992,50.0309598,-125.09867881,,100,100.0005786,,QM730,2018-04-12T17:31:02.000Z,2018-04-12T17:45:03.000Z,RNA,0,rebecca.piercey;rachel.walker,,,,,,,,,,,,Collected,Technicianm,,1: Event Metada Qced by EJ2: Metadata checked by RP.
,377549,4,2018-04-12,QUADRA,HAKAI,QOMA4,3,QU39,M,50.0307000000001,-125.0992,50.0309598,-125.09867881,,100,100.0005786,,QMIC2529,2018-04-12T17:31:02.000Z,2018-04-12T17:45:03.000Z,DNA,2000,rebecca.piercey;rachel.walker,2018-07-09,213.2,254.7,84.7,8.47,Rebecca Piercey,QUADRA MARNA LAB,,,,,Collected,Technicianm,,1: Event Metada Qced by EJ2: Metadata checked by RP.3: quantified on 2018-07-10
,377548,1,2018-04-12,QUADRA,HAKAI,QOMA4,2,QU39,M,50.0307000000001,-125.0992,50.03053893,-125.09945443,,260,257.0041817,,QCC2105,2018-04-12T16:58:08.000Z,2018-04-12T17:09:55.000Z,Cell Count,2,rebecca.piercey;rachel.walker,,,,,,,,,,,,Collected,Technicianm,,1: Event Metada Qced by EJ2: Metadata checked by RP.
,377548,2,2018-04-12,QUADRA,HAKAI,QOMA4,2,QU39,M,50.0307000000001,-125.0992,50.03053893,-125.09945443,,260,257.0041817,,QCC2106,2018-04-12T16:58:08.000Z,2018-04-12T17:09:55.000Z,Cell Count,2,rebecca.piercey;rachel.walker,,,,,,,,,,,,Collected,Technicianm,,1: Event Metada Qced by EJ2: Metadata checked by RP.
,377548,3,2018-04-12,QUADRA,HAKAI,QOMA4,2,QU39,M,50.0307000000001,-125.0992,50.03053893,-125.09945443,,260,257.0041817,,QM726,2018-04-12T16:58:08.000Z,2018-04-12T17:09:55.000Z,RNA,0,rebecca.piercey;rachel.walker,,,,,,,,,,,,Collected,Technicianm,,1: Event Metada Qced by EJ2: Metadata checked by RP.
,377548,4,2018-04-12,QUADRA,HAKAI,QOMA4,2,QU39,M,50.0307000000001,-125.0992,50.03053893,-125.09945443,,260,257.0041817,,QMIC2532,2018-04-12T16:58:08.000Z,2018-04-12T17:09:55.000Z,DNA,2000,rebecca.piercey;rachel.walker,2018-07-09,200,250,77.2,7.72,Rebecca Piercey,QUADRA MARNA LAB,,,,,Collected,Technicianm,,1: Event Metada Qced by EJ2: Metadata checked by RP.3: quantified on 2018-07-10
,377616,1,2018-04-17,QUADRA,HAKAI,QOMA5,3,QU39,M,50.0307000000001,-125.0992,50.02956249,-125.09981345,,0,,,QCC2021,2018-04-17T16:56:02.000Z,2018-04-17T21:12:09.000Z,Cell Count,2,chris.mackenzie;Chris o,,,,,,,,,,,,Collected,Technicianm,,1: Event metadata QCd by BF2: Metadata checked by RP.
,377616,2,2018-04-17,QUADRA,HAKAI,QOMA5,3,QU39,M,50.0307000000001,-125.0992,50.02956249,-125.09981345,,0,,,QCC2022,2018-04-17T16:56:02.000Z,2018-04-17T21:12:09.000Z,Cell Count,2,chris.mackenzie;Chris o,,,,,,,,,,,,Collected,Technicianm,,1: Event metadata QCd by BF2: Metadata checked by RP.
,377616,3,2018-04-17,QUADRA,HAKAI,QOMA5,3,QU39,M,50.0307000000001,-125.0992,50.02956249,-125.09981345,,0,,,QMIC2521,2018-04-17T16:56:02.000Z,2018-04-17T21:12:09.000Z,RNA,1900,chris.mackenzie;Chris o,,,,,,,,,,,,Collected,Technicianm,,1: Event metadata QCd by BF2: Metadata checked by RP.
